2924 4904
697 359 757 418 113

136 526 274 609 perfecti
297 524 481 603 infinitivus
506 526 665 606 quoniam,
690 544 762 590 cum
785 544 824 589 ex
846 524 1011 606 praesenti
1033 523 1163 607 pendet,
1186 524 1324 607 perfecti

138 614 331 696 praesentis,
360 632 430 677 curn
443 614 681 692 expraeteptc,
704 611 1037 694 plumquamperfecti‚
1060 630 1131 675 curn
1144 631 1183 675 ex
1204 611 1323 691 futuru,

138 702 240 766 futuri
263 700 370 765 exacti
391 699 576 781 viunhabet,
600 706 669 764 tum
685 718 756 763 cum
767 698 931 780 perfectis,
953 704 1022 762 turn
1046 717 1116 762 cum
1138 698 1323 780 plusquam-

138 788 293 869 perfectis
316 792 384 851 tum
408 805 478 850 cuni
503 785 620 851 futuris
644 787 767 850 exactis
791 786 855 868 (vel
868 785 1061 866 conjunctivi
1083 786 1135 849 vel
1156 786 1324 850 indicativi

139 875 240 957 medi)
272 877 363 938 recte
387 874 542 954 congruit.
589 873 701 954 Neque
725 872 822 937 aliter
845 891 918 937 curn
940 871 1041 937 futuri
1062 870 1238 954 infinitivo,
1269 873 1324 954 qui

139 982 178 1027 ex
199 961 365 1043 praesenti
388 965 482 1040 aptus
506 961 699 1040 praesentis,
724 978 762 1024 ex
784 960 962 1040 praeterito
981 965 1076 1039 aptus
1088 961 1258 1039 praeteriti
1271 979 1323 1024 ac-

138 1050 259 1113 tionem
282 1049 457 1111 instantem
470 1046 639 1127 significet,
665 1053 697 1110 et
713 1047 895 1127 praesentis
916 1051 949 1110 et
971 1045 1152 1126 imperfecti
1175 1047 1323 1128 cunjunc-

137 1137 223 1200 tivus
257 1138 336 1216 (nun
366 1135 574 1214 indicativus)
610 1134 828 1215 cunjungitur,
872 1134 929 1197 sed
963 1133 1093 1213 saepius
1124 1133 1262 1214 perfecti
1290 1140 1323 1198 et

137 1220 446 1302 plusquamperfecti
468 1222 705 1300 conjunctivus3
739 1220 882 1284 futurum
905 1238 977 1284 cum
1000 1221 1059 1284 hcc
1081 1220 1237 1284 infinitivo
1261 1240 1324 1285 nun

138 1327 312 1390 congruere
330 1306 528 1389 videbamus,
551 1308 614 1370 nisi
637 1326 709 1371 cum
731 1325 770 1371 ex
792 1307 900 1371 future
922 1307 1090 1387 penderet.
1136 1307 1324 1389 Ubicunque

136 1415 213 1460 vero
236 1395 401 1475 proprium
425 1399 474 1459 est
496 1392 643 1457 infinitivi
666 1398 809 1475 tenipus,
844 1395 914 1475 ejus
942 1395 1097 1474 temperis
1121 1400 1171 1458 est
1194 1393 1324 1458 infiniti-

137 1500 212 1559 vus,
249 1482 340 1561 quus
375 1481 575 1562 appellatur,
613 1485 669 1545 aut
692 1481 873 1562 praesentis
896 1488 953 1545 aut
973 1479 1112 1561 perfecti
1135 1487 1190 1546 aut
1213 1481 1323 1546 futuri.

137 1570 217 1632 Tum
254 1569 353 1649 igitur
386 1574 443 1631 aut
463 1586 619 1648 praesens
652 1572 708 1632 aut
731 1567 909 1647 perfectum
942 1573 998 1631 aut
1021 1567 1164 1632 futurum
1187 1568 1229 1632 ad
1253 1587 1324 1633 eurn

137 1654 254 1719 referri
278 1672 357 1735 opus
381 1659 440 1719 est.
