2924 4904
708 325 747 386 26

137 487 192 557 Aa
216 512 254 556 ea
275 493 305 558 si
326 493 527 573 uoluptas
549 495 734 573 occesserit,
764 514 862 559 uuum
884 494 1012 576 aliquod
1033 494 1198 560 occesserit
1220 514 1311 560 oom-

140 581 305 646 ruodum
336 584 558 662 eorporis.
593 584 649 664 qiu.
681 582 715 658 V,
739 588 790 662 16,
812 587 864 647 45.
909 581 1014 648 Siue
1042 582 1197 647 uilicus
1220 589 1311 647 tuus

139 667 226 732 solus
248 670 415 750 dejecisset,
439 689 505 733 uou
524 670 652 751 seruilia
676 669 848 752 dejecisset,
871 675 907 733 ut
929 670 1054 750 opiuor,
1077 670 1131 734 sed
1153 670 1312 750 uliquis

139 755 184 819 de
202 755 390 836 familia.
437 754 523 821 Coeo.
547 762 598 833 19,
615 760 666 822 55.
710 757 813 821 Habet
830 757 975 837 populus,
998 757 1041 822 od
1063 777 1139 838 quos
1159 757 1312 840 quberuo·

138 841 208 906 oulu
238 844 285 908 rei
310 842 456 924 publicae
485 845 623 924 deferat:
654 845 723 927 qui
756 845 931 925 ubieuuque
960 851 1117 909 terrorum
1149 850 1240 922 suut,
1271 843 1311 908 ibi

138 950 226 995 oruue
257 935 304 994 est
332 931 395 994 uei
421 931 616 1011 publicae
640 933 906 1013 praesidium
936 931 1107 1012 uelpotius
1129 932 1227 1012 ipsu
1249 950 1312 995 res

134 1018 317 1097 publiea.
342 1017 428 1082 Pbil.
439 1018 490 1100 11,
502 1023 554 1097 44,
568 1024 638 1084 113.
685 1020 721 1087 Si
744 1020 869 1101 quaudo
892 1019 953 1084 erit
976 1020 1139 1095 ciuitas,
1163 1020 1224 1083 erit
1239 1039 1311 1100 pro·

62 1102 64 1107 ’
135 1105 517 1186 feotouobisloeus.
549 1108 617 1188 fou
640 1106 763 1183 11,16,
789 1112 818 1171 6.
867 1106 928 1187 Qui
960 1107 1311 1188 (se.ruotusoelro·

140 1193 204 1273 lor)
227 1193 376 1274 quamdiu
396 1199 536 1257 reuouet
557 1195 592 1257 iu
614 1194 712 1271 uobis,
735 1200 799 1258 tom
822 1194 879 1258 diu
905 1214 1055 1258 seusus
1084 1200 1121 1259 et
1153 1194 1244 1258 uita
1267 1214 1310 1257 re·

140 1285 253 1344 uiuum.
285 1282 330 1346 oie.
356 1286 423 1344 uui.
447 1280 498 1357 Π,
522 1286 551 1357 9,
573 1285 627 1345 23.
680 1281 716 1347 Si
737 1282 800 1346 istu
835 1281 894 1363 (se.
921 1282 1102 1365 aequitudo)
1125 1282 1311 1362 perturbare

139 1367 279 1431 uotiuum
301 1368 454 1448 supieutis
475 1388 540 1433 uou
559 1374 711 1448 potest,
744 1367 862 1432 uuila
886 1369 945 1451 (so.
963 1369 1178 1452 perturbatio)
1196 1374 1310 1450 pote-

139 1456 206 1518 rit.
242 1459 320 1519 tuse.
342 1454 402 1533 IV,
426 1459 454 1533 5,
476 1459 506 1520 8.
530 1493 572 1503 -
605 1455 717 1537 Neque
739 1457 835 1521 aliter
858 1457 898 1521 de
920 1457 980 1520 hoe
1003 1457 1073 1520 loeo
1093 1456 1219 1537 jndieo:
1256 1455 1309 1520 Ab

139 1542 275 1605 uuiuo
299 1547 365 1607 tuo
387 1542 539 1623 quidquid
562 1543 678 1625 oqiiur,
707 1543 742 1606 id
765 1544 870 1625 uqitur
894 1565 915 1606 u
936 1548 982 1606 te.
1026 1549 1102 1607 tuso.
1126 1542 1154 1620 Ι,
1176 1549 1233 1624 22,
1257 1546 1307 1607 52.

140 1628 223 1693 Nam
246 1629 308 1695 etsi
330 1648 392 1710 res,
417 1648 498 1710 quae
524 1632 640 1711 agitur,
665 1630 778 1694 eadem
801 1635 851 1694 est
874 1631 906 1695 in
928 1636 1065 1710 utraque
1082 1630 1308 1708 enuntiatione,

142 1722 249 1781 tamen
272 1718 300 1781 is
324 1717 376 1799 qui
401 1717 468 1797 agit
491 1717 554 1782 alio
578 1716 674 1781 verbo
697 1718 730 1804 in
753 1717 972 1782 enuntiatione
995 1718 1167 1799 primaria,
1192 1719 1255 1782 alio
1278 1718 1307 1781 in

80 1831 83 1836 ·
139 1803 330 1869 secundaria
354 1804 550 1886 exprimitur.
598 1805 687 1869 Haec
709 1806 770 1870 duo
787 1811 892 1870 autem
910 1810 1136 1887 comparantur
1158 1807 1243 1869 inter
1266 1823 1308 1869 ae.

139 1892 273 1958 Paulum
296 1891 402 1957 differt
424 1891 485 1956 hoe
508 1892 706 1974 exemplum,
737 1892 770 1956 in
798 1911 859 1974 quo
890 1891 1020 1957 verbum
1043 1890 1168 1957 finitum
1190 1893 1224 1955 in
1246 1891 1308 1972 pri-

138 1980 242 2044 maria
264 1979 482 2044 enuntiatione
498 1979 604 2044 activa
616 1979 728 2058 forma,
752 1980 784 2043 iu
808 1980 999 2044 secundaria
1021 1980 1150 2060 passiva
1172 1997 1308 2059 pronun·

138 2066 257 2131 tiatur:
281 2065 317 2132 Si
337 2068 416 2148 [ides
439 2065 614 2132 Suturuiuo
636 2067 712 2130 doto
734 2073 780 2131 est
781 2113 913 2146 .....
935 2086 999 2129 uou
1022 2087 1088 2130 eeu
1102 2067 1134 2131 O.
1148 2065 1310 2142 Rabirius,

137 2152 194 2216 sed
217 2152 251 2218 0.
275 2153 436 2218 Murius
467 2152 560 2218 dedit.
592 2153 819 2232 Reo.10,2a
848 2189 891 2201 -
937 2154 1089 2218 Videmus
1120 2154 1221 2237 igitur
1249 2172 1308 2218 non

139 2247 228 2305 reete
250 2241 347 2307 u-M.
372 2240 526 2308 statuisse
549 2239 694 2323 subJeeta
718 2242 972 2306 enuntiationum
987 2241 1233 2306 coincidentium
1258 2259 1308 2306 ea·

140 2327 212 2392 dem
236 2328 287 2392 vel
310 2328 372 2394 diei
395 2330 445 2393 vel
468 2328 602 2409 intelligi
627 2327 745 2394 debere
768 2327 822 2412 (oi.
845 2329 1036 2411 praesertim
1060 2328 1109 2392 ed.
1133 2328 1172 2410 V,
1197 2329 1214 2411 ξ
1240 2333 1308 2393 108.

139 2420 206 2479 not.
225 2416 268 2495 1),
292 2416 349 2481 sed
372 2434 467 2498 posse
489 2416 522 2479 in
545 2414 817 2481 enuntiationibus
839 2435 913 2480 vere
936 2413 1189 2481 coincidentibus
1214 2417 1310 2480 etiam

139 2502 173 2566 id
202 2502 323 2582 ipsum,
364 2521 426 2585 quo
456 2502 607 2568 differant
638 2501 733 2568 binae
763 2502 1017 2586 enuntiationes,
1057 2504 1214 2568 contineri
1237 2500 1310 2569 sub-

136 2590 241 2670 J'eetis.

229 2764 375 2829 Tertia
404 2765 547 2848 ejusdem
578 2764 704 2846 generis
735 2769 859 2846 parte
889 2765 912 2828 ii
933 2764 997 2830 loci
1025 2765 1246 2843 eontinentur,
1279 2765 1309 2829 in

141 2850 256 2932 quibus
280 2851 508 2918 adverbiis
531 2850 748 2919 differunt
770 2852 950 2917 sententiae
974 2852 1200 2918 coincidentes.
1225 2852 1310 2917 Sem-

139 2958 198 3020 per
225 2940 257 3002 in
286 2939 336 3003 his
360 2940 438 3005 locis
460 2939 686 3021 primariorum
717 2939 949 3004 sententiarum
973 2939 1084 3004 eadem
1108 2940 1310 3006 inveniuntur

140 3024 286 3106 subjecta
308 3044 344 3090 ae
368 3027 647 3105 secundariarum3
682 3027 824 3108 reliquae
856 3027 1108 3091 enuntiationum
1131 3032 1243 3108 partes
1266 3028 1310 3091 al·

139 3114 201 3177 teri
223 3116 349 3177 tantum
372 3113 553 3180 sententiae
577 3112 653 3178 addi
666 3115 782 3197 solent,
806 3131 903 3179 sensu
916 3133 992 3180 vero
1009 3114 1105 3178 etiam
1122 3114 1312 3181 adulteram

140 3200 314 3282 pertinent.

714 3305 742 3351 a.

226 3374 457 3456 Exprimuntur
479 3377 586 3439 autem
609 3374 789 3439 sententiae
811 3373 999 3455 plerumque
1021 3374 1078 3454 ita,
1101 3380 1137 3441 ut
1160 3394 1243 3457 quae
1265 3394 1313 3441 se-

140 3461 292 3528 cundaria
316 3460 535 3527 enuntiatione
557 3463 608 3527 vel
630 3460 700 3526 fieri
721 3464 771 3527 vel
793 3480 888 3544 posse
911 3459 982 3527 fieri
1005 3461 1171 3542 dieantur,
1203 3482 1242 3528 ea
1264 3463 1313 3528 vel

141 3568 202 3631 quo
225 3549 318 3614 modo
341 3549 392 3613 vel
415 3567 477 3629 qua
500 3549 540 3613 de
562 3569 598 3614 re
621 3550 671 3614 vel
696 3568 757 3630 quo
779 3549 849 3615 loco
872 3548 969 3627 fiant,
1001 3551 1051 3613 vel
1073 3551 1187 3615 horum
1211 3552 1313 3616 simile

141 3637 263 3718 aliquid
285 3636 446 3700 indicetur
462 3637 682 3702 enuntiatione
698 3638 861 3718 primaria.
909 3635 978 3712 Qua
1000 3656 1035 3701 re
1058 3637 1091 3701 in
1114 3637 1164 3702 his
1189 3656 1312 3720 quoque

140 3725 218 3789 loeis
241 3724 395 3805 primaria
418 3740 542 3804 quaque
566 3724 785 3789 enuntiatione
805 3725 960 3806 J'udieium
983 3721 1020 3787 fit
1044 3726 1093 3789 vel
1108 3725 1313 3806 praedicatur

139 3812 260 3894 aliquid
283 3811 323 3875 de
347 3830 386 3875 ea
407 3829 460 3891 re,
491 3830 572 3892 quae
595 3811 786 3876 secundaria
809 3811 945 3889 dieitur,
976 3811 1064 3877 velut
1086 3812 1118 3876 in
1140 3813 1201 3878 hoc
1224 3815 1312 3879 loeo:

114 3899 229 3980 -Quod
250 3899 328 3963 mibi
344 3897 517 3980 praeripis,
539 3904 575 3962 ut
590 3919 714 3963 auorum
737 3948 743 3962 .
766 3947 774 3961 .
798 3947 822 3976 .,
846 3903 874 3962 et
896 3896 1057 3978 supienter
1078 3905 1107 3964 et
1129 3901 1314 3966 amicissime

135 3987 306 4068 praecipis.
336 3983 625 4067 fuu.X1‚21‚4
655 3987 736 4051 haee
766 3984 833 4050 fere
864 3987 949 4050 inest
983 3987 1163 4052 sententia:
1202 4007 1312 4073 „prae-

141 4081 268 4156 ceptum
290 4078 378 4139 tuum
404 4078 437 4138 et
460 4072 616 4154 sapientis
640 4080 672 4137 et
695 4073 880 4139 amicissimi
904 4070 985 4138 est“.

227 4163 261 4243 u)
286 4163 391 4242 Atque
414 4161 629 4241 exemplorum
654 4161 778 4241 cupiam
808 4161 854 4224 ita
878 4161 1110 4240 disposuimus
1146 4167 1181 4226 ut
1212 4163 1313 4243 primo

142 4247 211 4315 loeo
227 4267 266 4314 ea
283 4248 480 4324 afferremus,
503 4250 536 4312 in
556 4247 671 4329 quibus
684 4247 823 4330 propriis
839 4245 1000 4314 adverbiis
1024 4248 1174 4332 (maxime
1198 4270 1237 4317 ex
1259 4249 1332 4317 ad·-
