2924 4904
711 366 752 428 76

140 532 217 599 mihi
249 533 378 601 videtur
398 534 548 618 probari,
583 536 622 602 ci.
646 535 803 619 imprimis
828 536 868 602 de
891 553 937 602 or.
962 535 1028 616 III,
1054 539 1113 619 56,
1137 540 1211 602 213.
1246 535 1316 603 fam.

12 656 23 689 2
140 620 226 700 vm,
251 626 303 688 co.
335 622 405 702 xv,
432 628 459 702 1,
484 622 517 707 a)
542 623 566 706 ).

715 716 744 776 5.

227 795 339 861 Adhuc
362 796 555 878 conjunctivi
578 815 705 879 semper
727 798 812 863 idem
834 797 885 863 vel
909 796 1054 879 ejusdem
1079 795 1221 863 notionis
1243 800 1318 862 tem-

140 901 201 964 pus
222 883 418 967 invenimus,
453 885 537 965 quod
561 891 612 950 est
633 885 798 950 indicativi
821 884 996 966 primariae
1019 882 1213 949 sententiae.
1259 881 1320 950 Sed

141 970 241 1035 etiam
264 970 304 1036 de
328 970 544 1053 compluribus
566 971 647 1038 locis
671 972 901 1055 disputandum
923 977 984 1054 est,
1006 971 1039 1035 iu
1063 968 1179 1052 quibus
1202 969 1320 1037 disere-

142 1063 221 1138 pent
242 1057 436 1139 conjuuctivi
458 1064 492 1124 et
514 1059 680 1126 indicativi
703 1065 860 1141 tempora.

226 1231 368 1296 Primum
400 1234 513 1315 paucis
546 1233 579 1297 in
616 1166 977 1314 locisaimperfecci
1012 1231 1323 1315 eonJunctivus

140 1318 344 1400 conjungitur
366 1338 436 1384 cum
460 1320 703 1386 indicativo
725 1319 932 1402 perfecti;
964 1318 1024 1385 hos
1048 1318 1139 1383 dico:
1174 1315 1323 1400 Volupta-

139 1409 200 1468 tem
223 1425 308 1468 cum
328 1425 484 1470 sumtuum
505 1407 619 1472 bouum
641 1409 812 1486 diceret,
838 1407 983 1487 primum
1004 1405 1041 1469 iu
1063 1425 1095 1469 ec
1117 1405 1186 1485 ipso
1204 1424 1322 1487 parum

139 1492 259 1556 uidit.
280 1493 337 1573 du.
359 1492 389 1574 I,
411 1496 442 1574 8,
465 1498 519 1558 26.
542 1493 598 1576 (cf.
618 1515 652 1574 p.
670 1497 720 1560 50.
742 1495 806 1577 sq.)
830 1530 873 1541 -
897 1493 975 1560 Cum
996 1492 1052 1557 boc
1074 1491 1247 1574 Pompeius
1264 1542 1271 1557 .
1289 1541 1322 1558 ..

139 1579 330 1644 uetenrenter
352 1600 367 1643 e
375 1580 455 1662 pit,
488 1600 574 1645 cum
598 1581 756 1646 diceret
777 1583 813 1644 iu
835 1601 958 1645 summa
979 1599 1013 1644 se
1028 1579 1186 1661 perfidiae
1207 1585 1240 1644 66
1262 1599 1325 1644 sce·

140 1664 215 1730 leris
236 1665 372 1747 infamia
391 1667 471 1749 fore,
493 1669 523 1731 sl
544 1667 622 1732 mibi
639 1668 817 1749 periculum
841 1674 1011 1732 crearetur.
1043 1664 1112 1732 Au.
1136 1664 1188 1749 ΙΙ,
1210 1670 1269 1750 22,
1290 1671 1323 1732 2.

139 1753 176 1816 L.
190 1752 289 1830 Sulla,
313 1774 396 1818 curu
419 1754 498 1819 bonu
524 1755 777 1820 indemnatorum
800 1754 913 1819 ciuium
936 1803 943 1818 .
967 1804 974 1818 .
999 1802 1005 1818 .
1028 1753 1226 1818 perederet
1249 1801 1257 1817 .
1281 1803 1288 1818 .
1315 1799 1323 1816 .

139 1845 240 1905 tamen
263 1861 301 1905 erc
322 1841 378 1905 boc
400 1841 463 1907 loco
485 1842 692 1907 uendidit.
721 1841 778 1925 lep.
795 1862 862 1925 apr.
878 1840 928 1918 11,
945 1843 999 1918 21,
1010 1843 1061 1906 56.
1107 1839 1210 1920 Quam
1232 1840 1324 1916 diem,

139 1927 194 2007 qui
217 1928 312 1992 istum
335 1929 531 2009 eripiendum
553 1929 758 2011 redemerunt,
780 1930 816 1993 iu
840 1928 982 1992 cautione
1002 1926 1215 2006 uiderunt,
1240 1947 1325 1992 cum

139 2015 187 2077 ita
221 2021 429 2093 carerent,
470 2017 500 2081 si
529 2021 604 2097 post
632 2016 801 2081 Kalendas
830 2016 910 2081 Jan.
942 2015 979 2079 iu
1012 2013 1178 2078 consilium
1210 2013 1325 2082 iretur.

145 2099 228 2165 Verr.
258 2101 288 2176 Ι,
311 2106 367 2181 11,
391 2105 442 2166 31.
497 2101 568 2179 Qua
598 2102 638 2169 de
667 2121 703 2169 re
735 2122 798 2167 non
829 2103 927 2167 aliter
954 2100 1166 2183 judicandum
1195 2100 1327 2168 videtur

140 2193 237 2269 atque
261 2187 295 2253 iu
317 2207 356 2253 eo
378 2189 458 2268 loce,
480 2187 535 2255 ubi
557 2190 767 2272 indicativum
789 2187 971 2271 imperfecti
987 2206 1057 2254 cum
1075 2186 1222 2270 perfeeto
1239 2207 1326 2254 com-

139 2275 214 2355 poni
244 2273 442 2342 videbamus.
481 2295 512 2358 p.
548 2282 598 2342 64.
655 2277 694 2341 In
724 2276 840 2342 ceteris
870 2281 978 2341 autem
1011 2273 1108 2354 locis,
1142 2275 1177 2339 in
1206 2273 1328 2357 quibus

137 2361 224 2427 idem
246 2367 426 2443 temporum
448 2381 525 2429 usus
549 2369 726 2444 appareat,
761 2362 979 2429 coincidentes
1011 2362 1193 2428 sententiae
1216 2363 1327 2429 inesse

138 2448 217 2513 mihi
239 2467 302 2515 non
325 2449 491 2528 videntur,
522 2451 665 2516 velutin
688 2451 765 2516 boc:
803 2448 855 2514 De
883 2450 973 2532 eujus
998 2449 1180 2529 praestanti
1207 2448 1328 2514 uirtute

138 2556 221 2600 cum
242 2556 314 2601 uere
332 2537 531 2620 prauiterque
553 2537 734 2618 diceres,
758 2536 959 2603 domesticum
982 2540 1012 2600 te
1033 2534 1144 2601 labem
1166 2535 1188 2600 d
1196 2535 1329 2601 luisti

138 2623 311 2704 exemplum
333 2625 377 2688 ad
398 2624 596 2689 imitandum.
629 2624 720 2689 Mur.
744 2628 794 2706 31,
818 2629 869 2690 66.
914 2623 996 2690 Nam
1020 2623 1081 2688 hoc
1104 2627 1171 2688 est:
1200 2622 1237 2687 in
1260 2623 1328 2690 ista

49 2773 51 2778 .
138 2711 294 2794 oratioue,
318 2729 414 2792 quam
435 2710 591 2791 habebas,
615 2712 715 2777 etiam
736 2711 789 2777 hic
812 2710 874 2776 tuit
896 2710 985 2777 locus
1007 2707 1128 2776 habere
1151 2714 1184 2774 te
1208 2728 1239 2775 e.
1253 2729 1284 2793 q.
1299 2730 1328 2779 s.

137 2797 291 2880 Luccejus
312 2798 463 2880 mirificas
486 2799 543 2863 tibi
569 2798 655 2878 apud
685 2819 733 2863 me
760 2797 885 2882 pretias
915 2799 1015 2881 epit,
1049 2816 1138 2860 cum
1165 2796 1329 2863 diceret

137 2885 242 2950 omniu
265 2891 294 2950 te
316 2885 560 2951 cumulatissime
581 2891 611 2950 66
640 2884 860 2950 liberalissime
882 2882 1144 2965 procuratoribus
1165 2882 1237 2948 suis
1251 2883 1329 2964 pol·

138 2972 260 3036 6666666
290 2991 364 3036 esse.
398 2974 475 3052 sam.
502 2972 613 3056 XIII,
636 2976 698 3055 42,
721 2977 750 3038 1.
794 2972 878 3038 Nam
910 2971 995 3054 quod
1026 2970 1184 3052 Luccejus
1217 2971 1329 3038 omnia

137 3058 228 3124 illum
249 3059 428 3141 pollicitum
450 3060 549 3139 dixit,
582 3078 621 3125 ea
643 3079 707 3125 non
729 3064 803 3126 erat
824 3059 1002 3141 gratiarum
1033 3057 1135 3140 ectio,
1171 3056 1231 3123 sed
1255 3060 1327 3142 ejus

139 3164 237 3211 causa
259 3165 298 3213 ac
320 3145 412 3211 ratio.
458 3146 570 3228 Neque
594 3147 691 3212 aliter
718 3147 759 3213 de
782 3147 841 3212 hoc
864 3147 935 3211 loco
954 3145 1074 3227 jndice,
1098 3145 1152 3226 qui
1176 3144 1266 3226 apud
1286 3145 1325 3212 L.

137 3232 181 3296 M.
198 3232 237 3299 V.
261 3233 364 3317 §ltu
387 3234 424 3298 A.
439 3237 468 3298 6.
504 3234 737 3300 coincidentiae
760 3233 919 3300 rationem
943 3231 1108 3298 continere
1124 3230 1267 3297 dicitur:
1293 3231 1328 3299 0.

140 3318 307 3385 Gaesarem
332 3369 339 3386 .
364 3368 371 3384 .
393 3370 400 3385 .
422 3340 514 3402 saepe
536 3321 704 3402 increpuit,
726 3341 819 3402 saepe
841 3318 1070 3402 accusauit,
1093 3337 1178 3384 cum
1199 3317 1329 3401 adfir-

137 3413 267 3472 maret
288 3408 379 3474 illum
401 3429 578 3490 uunquam,
601 3409 676 3473 dum
698 3408 774 3474 baec
795 3407 882 3472 natio
903 3407 1027 3486 uiueret,
1050 3405 1119 3471 sine
1140 3425 1220 3470 cura
1239 3407 1329 3488 futu·

138 3514 222 3560 rum.
256 3494 334 3564 sesa
357 3499 504 3575 63‚132.
557 3496 670 3578 Neque
698 3495 782 3561 enim
805 3493 1023 3560 confirmando
1047 3492 1127 3558 illud
1151 3492 1328 3561 Gaesarem

225 3655 252 3720 *l
272 3654 334 3711 Non
352 3657 537 3724 minussaepe
556 3655 794 3711 indicativum
812 3655 912 3710 verbi
932 3652 1076 3708 dicendi
1095 3653 1222 3723 inveniri,
1242 3671 1322 3724 quem

136 3727 349 3866 rettulit.
357 3728 540 3854 ellidii
557 3726 920 3855 ttlltlgltliditt
926 3725 1166 3866 ittt‘ttttt
1174 3727 1327 3854 title

135 3870 231 3924 666666.
267 3869 317 3925 Ac.
332 3877 404 3940 post.
424 3872 448 3939 I,
467 3817 554 3939 9:33.
598 3871 674 3941 Quae
691 3818 742 3927 ine
759 3872 791 3925 iu
814 3870 960 3940 prouincia
983 3870 1081 3939 palam
1108 3869 1324 3938 dictitabat,

137 3957 210 3996 cum
236 3957 268 3997 ea
297 3959 367 4010 quae
383 3942 504 4008 faciebat
521 3949 572 3998 tuo
590 3959 618 3998 se
635 3959 721 3998 causa
738 3942 829 4008 tacere
855 3943 1004 3998 dicebat.
1046 3941 1120 3997 Vas.
1145 3941 1248 4011 V,68,
1267 3944 1323 3998 176.

137 4013 233 4081 Neque
251 4014 319 4069 mibi
338 4015 488 4084 quidquam
508 4015 598 4070 oneris
616 4016 772 4083 suscepi,
798 4031 858 4069 cum
875 4014 928 4070 illa
951 4013 1040 4068 diui.
1079 4011 1186 4069 Cluent.
1205 4016 1249 4084 51,
1268 4015 1323 4068 142.

136 4083 181 4138 De
200 4085 314 4141 luxuria
329 4087 502 4157 purpauit
535 4085 658 4155 drusius,
687 4103 758 4141 cum
777 4086 869 4142 discit
887 4087 959 4142 bunc
976 4101 1011 4141 uc
1028 4084 1063 4139 iu'
1078 4085 1202 4142 conuiuio
1221 4083 1321 4156 quidem

139 4155 197 4210 ullo
214 4156 272 4223 fere
289 4158 449 4224 interfuisse
493 4159 574 4214 Ilaec.
593 4157 656 4214 Am.
676 4161 718 4226 14,
738 4161 783 4213 39.
824 4157 931 4214 Sustu
944 4156 1026 4213 listi
1053 4157 1125 4212 banc
1143 4156 1321 4228 suspitione»,

139 4241 204 4357 αὲααῇ
218 4229 358 4285 dimisti
377 4232 449 4288 lune
469 4272 475 4287 .
496 4272 502 4286 .
520 4273 527 4287 .
548 4236 642 4287 contra
657 4236 763 4301 patrem
781 4235 859 4287 tuum
877 4246 973 4301 operas
992 4234 1141 4286 etmamun
1152 4239 1320 4302 compararer·

163 4314 183 4354 u
206 4341 212 4356 .
232 4305 276 4373 24,
296 4306 340 4359 68.
