2924 4904
740 408 779 470 52

168 579 335 664 incipiunt,
359 579 466 662 immo,
491 580 517 644 si
541 579 670 661 quidem
693 578 910 644 coincidentes
934 582 1009 644 sunt
1032 578 1223 659 sententiae,
1248 597 1342 645 enun
1365 602 1414 620 ,.

168 669 323 733 tiationes
345 667 502 733 relativae
524 667 750 748 primariorum
773 667 835 730 vim
858 665 988 731 habent.
1034 666 1124 731 Idem
1147 666 1179 730 in
1203 668 1329 748 superio
1411 691 1423 706 ·

167 754 257 821 ribus
280 753 453 839 generibus
476 753 716 834 pertractandis
739 755 861 834 passim
884 755 1064 818 monuimus
1087 753 1140 837 (cf.
1157 759 1238 835 p.32
1255 755 1432 821 Vere:-

168 843 211 920 11,
235 848 287 924 41,
314 847 392 920 110;
416 861 446 922 p.
473 846 511 905 31
538 841 629 906 Caec.
655 846 706 920 33,
731 841 796 921 96).
843 841 1017 904 Praeterea
1049 841 1121 906 vide
1150 841 1210 906 hos
1242 841 1329 907 locos
1412 854 1435 898 ·2

167 928 326 994 Percebnt
356 930 438 992 enim
469 929 646 993 aduersarii
675 928 838 1010 dipniteti,
870 929 906 992 in
944 947 1004 1007 qno
1042 928 1110 1008 ipse
1148 927 1441 993 conservabost

166 1036 267 1080 snam.
290 1016 329 1079 de
351 1035 396 1078 on.
421 1014 471 1092 ΙΙ,
496 1018 547 1095 54,
569 1018 636 1080 221
660 1014 693 1098 (i'.
719 1034 745 1079 e.
769 1015 802 1078 in
826 1033 863 1078 eo
887 1015 967 1096 ipso,
990 1016 1074 1096 quod
1096 1014 1254 1096 parcebat
1277 1017 1443 1082 adi-<it

168 1104 264 1184 dign,
287 1104 357 1184 ipse
382 1101 595 1168 conservabat
616 1103 731 1185 snam).
778 1101 964 1165 Clarissimo
986 1103 1054 1165 niro
1086 1108 1178 1182 atque
1197 1104 1349 1168 innocen·
1379 1118 1444 1160 ε·

167 1191 288 1254 tissime
310 1190 445 1253 demanii
466 1190 644 1269 imperium,
660 1191 790 1269 priuato
805 1192 929 1252 tumen:
952 1191 987 1252 in
1001 1209 1059 1270 quo
1074 1192 1247 1254 maximnm
1259 1186 1446 1255 nom

167 1297 246 1340 onus
268 1277 424 1357 imposuit.
457 1275 753 1358 1111111119.
800 1274 889 1354 Quod
920 1281 949 1339 et
979 1276 1014 1338 in
1046 1276 1140 1341 Tettii
1167 1274 1446 1342 1111111011ιῖ1

164 1366 274 1444 priore
304 1364 424 1428 untione
456 1362 668 1442 interpellauit
702 1363 909 1426 Hortensius:
953 1382 1011 1442 qno
1051 1369 1187 1443 tempore
1223 1366 1446 1445 omitterent

167 1452 353 1533 1191131111
376 1451 475 1529 dedit,
507 1451 536 1512 si
567 1451 642 1530 quid
665 1455 758 1524 esset,
792 1450 874 1529 qnod
893 1456 1002 1529 posset
1030 1451 1146 1526 dicere,
1179 1471 1213 1516 se
1243 1457 1375 1517 tacer-
1391 1465 1446 1508 ‘e

167 1557 232 1601 non
253 1556 353 1617 posse.
384 1536 471 1602 Veri.
497 1537 525 1618 J,
548 1541 602 1614 28,
626 1540 675 1602 71.
722 1536 796 1599 Nisi
826 1536 966 1600 coirsntes
995 1556 1123 1601 cansam
1146 1539 1446 1620 coniunctus-‘ie

169 1644 285 1698 secum,
309 1626 343 1689 in
367 1645 427 1704 qim
450 1643 514 1687 nno
538 1644 601 1687 non
624 1624 842 1697 mentiebatur,
865 1624 1071 1704 confirmaret.
1092 1622 1161 1688 bur.
1184 1645 1269 1706 resp.
1293 1621 1444 1700 2Ξ,

169 1715 220 1787 47,
244 1711 276 1795 (i.
302 1731 329 1777 e.
354 1713 385 1775 in
409 1730 446 1775 eo
470 1730 550 1793 uno,
586 1711 670 1791 qnod
695 1761 701 1774 .
729 1761 735 1774 .
762 1760 768 1775 .
792 1707 990 1794 affirmabat,
1019 1730 1080 1775 non
1104 1709 1441 1797 mentiebaturlffl·

170 1819 219 1880 ep.
243 1799 286 1862 od
308 1798 406 1863 Brut.
429 1797 459 1882 Ι,
482 1802 511 1873 9,
535 1803 554 1862 1
578 1803 607 1861 et
629 1802 661 1862 2,

253 1974 299 2037 itt
322 1973 354 2037 in
378 1973 488 2052 paucis
512 1972 667 2052 exemplis
697 1971 774 2052 (non
803 1972 877 2052 plus
907 1971 1018 2036 decem
1042 1990 1081 2036 ex
1101 1972 1196 2054 hujus
1220 1975 1383 2057 generis
1421 1978 1439 2056 ‚S

170 2061 354 2143 quingentis
387 2059 455 2123 fere
487 2060 628 2122 invenire
659 2059 764 2140 potui)
797 2059 1112 2124 sententiarum
1147 2061 1262 2126 ratio
1297 2062 1356 2126 di·
1394 2081 1439 2112 ,-

168 2165 294 2211 versa
317 2153 377 2212 est.
425 2146 487 2211 Sex
511 2146 544 2209 in
569 2146 648 2209 locis
669 2145 832 2227 primariis
863 2145 1138 2211 enuntiationibus
1161 2145 1266 2230 facta,
1300 2167 1367 2214 se—
1412 2160 1439 2188 ²·

171 2234 333 2299 cundariis
353 2234 476 2315 judicia
500 2233 738 2314 exprimuntur,
763 2232 833 2297 dico
857 2234 915 2297 bos
938 2233 1042 2298 locos:
1073 2232 1206 2297 Litteris
1230 2236 1367 2318 1011319ν
1407 2239 1438 2263 ”·

168 2340 299 2402 numus,
331 2341 409 2401 qnae
438 2321 645 2384 monumentis
674 2320 827 2383 mundiore
855 2318 1007 2383 nolumus.
1048 2306 1439 2404 Αο.111.ΙΙ,1,ἔ’”9

171 2409 203 2489 (1.
229 2427 256 2472 e.
288 2426 359 2471 cum
390 2408 499 2489 aliqua
528 2407 647 2471 litteris
679 2407 923 2490 consignamus,
954 2409 1168 2472 monumentis
1198 2407 1439 2474 mandarvt

170 2494 339 2577 volumus).
393 2493 455 2573 unt
484 2495 561 2557 boec
591 2495 774 2574 uituperare
803 2493 926 2572 nolunt,
961 2493 1199 2577 Obrpsoponum
1230 2494 1439 2560 touton-⁶²

167 2586 464 2663 posseqnmnntm,
487 2582 541 2661 qni
558 2581 691 2645 tundore
708 2581 827 2654 nolunt,
851 2600 1028 2644 eoncessum
1050 2582 1079 2644 ei
1098 2601 1164 2645 non
1188 2602 1254 2647 esse
1276 2603 1393 2648 contr
1408 2595 1441 2615 ²

170 2674 350 2734 memorant.
395 2667 669 2743 Rosc.Am.48‚
694 2670 757 2730 138
795 2667 950 2748 (solennis
980 2667 1083 2732 forma
1121 2668 1201 2733 haec
1245 2675 1350 2736 esset.
1433 2665 1439 2710 ²

171 2756 250 2820 Cum
274 2756 429 2839 Chrysog.
454 2761 577 2819 tantum
601 2773 696 2836 posse
721 2760 914 2835 queruntur,
949 2754 1029 2819 haec
1053 2755 1258 2837 vituperant3
1282 2750 1441 2822 eund

172 2861 356 2908 concessum
389 2844 417 2905 ei
448 2861 512 2907 non
542 2861 613 2907 esse
643 2847 912 2923 commemorant,
942 2841 1099 2923 laudant).
1147 2841 1226 2922 Quis
1251 2844 1342 2908 tulit.

172 2930 210 3003 is,
233 2931 288 3009 qni
310 2930 493 2992 auctoritati
515 2936 661 3004 senatus,
694 2928 849 2991 uoluntati
871 2933 944 2991 tuoe
960 2929 1081 3008 norant.
1121 2929 1211 2993 Met.
1234 2934 1289 3010 23,
1312 2935 1334 2993 4

171 3015 224 3097 toi.
249 3017 353 3080 locum
378 3034 476 3096 supra
497 3035 528 3096 p.
544 3021 584 3080 50
601 3017 672 3080 all:
697 3015 782 3079 Huic
805 3036 876 3097 erpo
899 3014 961 3096 lapi
982 3016 1096 3095 peritii
1119 3015 1261 3100 Cassius,
1287 3011 1443 3083 suff

171 3109 216 3164 ost
237 3103 273 3166 in
296 3102 421 3183 Surium
441 3103 612 3182 profectus.
638 3101 722 3165 Ptoil.
739 3101 802 3183 XI,
816 3106 868 3180 12,
881 3105 947 3178 28).
995 3101 1065 3183 Qui,
1087 3103 1117 3165 si
1141 3108 1169 3166 te
1190 3109 1272 3168 recte
1294 3112 1441 3181 mo<

171 3208 246 3251 nene
268 3189 362 3270 notet,
392 3189 532 3252 sieudebit
565 3188 638 3265 tibi,
670 3193 705 3251 ut
731 3186 805 3251 dinc
833 3188 985 3252 discedas.
1020 3189 1132 3254 Uoccil.
1156 3191 1317 3274 1152(
1346 3212 1441 3255 κ

143 3330 144 3333 ,
166 3296 200 3354 p.
225 3280 276 3339 33.
293 3279 330 3339 3:
353 3276 581 3340 Numa-tionem
603 3275 684 3356 qnod
698 3274 786 3356 jubet
808 3276 1018 3340 uerisimilem
1031 3295 1115 3341 esse.
1133 3326 1177 3358 ..,
1207 3269 1442 3343 reotenos‘)

172 3363 347 3427 admonent.
379 3363 417 3426 de
440 3381 484 3426 or.
510 3361 561 3444 II,
585 3367 634 3444 19,
658 3363 729 3445 83).
777 3361 891 3426 Omnia
916 3411 922 3425 .
948 3414 954 3428 .
980 3412 986 3426 .
1010 3365 1040 3426 si
1069 3369 1149 3427 reete
1178 3365 1353 3430 ratiocinu·
1373 3372 1440 3401 κ

171 3451 284 3530 bimur,
309 3451 366 3514 nni
389 3456 513 3530 accepto
536 3453 706 3530 retenemus
728 3450 879 3513 Antonio.
905 3449 988 3513 Pbit.
1003 3449 1054 3528 ΙΙ,
1078 3455 1138 3528 22,Ι
1154 3452 1205 3515 55.
1253 3451 1354 3532 Quom
1381 3447 1440 3493 β’

173 3539 232 3618 (sc.
258 3541 407 3613 mortem)
431 3538 485 3618 qni
508 3537 651 3601 leniorem
671 3537 814 3618 fuciunt,
845 3537 947 3600 somni
969 3537 1164 3601 simillimum
1188 3538 1297 3605 nolunt
1320 3541 1353 3624 (i.

173 3644 200 3689 e.
226 3625 350 3708 dicunt)
374 3645 446 3689 esse.
481 3630 556 3688 tuse.
581 3623 609 3704 1,
634 3627 686 3701 38,
711 3628 756 3688 92
787 3622 894 3708 (quem
923 3625 1027 3689 locum
1058 3630 1190 3690 nostrae
1220 3645 1353 3694 normae

172 3713 217 3777 sic
242 3731 410 3792 possumus
433 3712 693 3776 accommodare:
732 3720 886 3795 mortem,
921 3729 991 3775 cum
1023 3713 1124 3776 somni
1157 3713 1353 3779 simillimam

171 3800 281 3864 volunt
305 3817 394 3882 esse,
420 3798 572 3863 leviorem
595 3798 734 3876 iaciunt,
768 3800 805 3878 cf.
830 3799 876 3861 de.
901 3802 968 3862 not.
992 3797 1020 3875 I,
1045 3803 1096 3880 13,
1110 3802 1170 3863 33:
1195 3798 1276 3864 Onon
1297 3822 1352 3866 nu·

170 3892 230 3949 tem
253 3888 322 3950 sine
344 3906 468 3965 corpore
490 3885 572 3949 idem
594 3885 655 3948 nott
677 3904 743 3948 esse
761 3885 862 3962 deum,
885 3888 969 3949 omni
991 3885 1082 3948 ilium
1106 3905 1199 3950 sensu
1215 3889 1350 3970 privat).

59 3982 61 3990 '
170 4010 213 4020 —
237 3975 373 4038 Restant
396 3977 549 4053 quattuor
572 3972 650 4054 loci,
680 3972 712 4035 in
744 3971 858 4052 quibus
889 3973 1051 4053 primariis
1074 3974 1349 4041 enuntiationibus

169 4058 239 4143 fieri
263 4061 384 4143 aliquid
408 4060 552 4141 dicatur,
583 4059 783 4124 secundariis
814 4078 888 4124 vero
922 4058 1155 4141 quodammodo
1178 4061 1211 4124 in
1233 4081 1350 4143 paren·

171 4147 255 4211 thesi
280 4168 309 4230 q.
334 4150 364 4213 d.
387 4147 589 4229 interpositis
613 4147 745 4211 eaedem
768 4163 821 4211 res
845 4152 878 4211 et
901 4151 1091 4226 repetantur
1107 4151 1140 4212 et
1156 4153 1348 4233 augeantur,

170 4233 229 4299 hos
251 4234 341 4300 dico:
372 4237 453 4312 Anat,
475 4234 510 4298 id
533 4234 614 4314 qnod
636 4238 714 4298 certe
732 4233 802 4313 fiet,
830 4233 872 4296 od
889 4234 1054 4315 pontifices
1075 4235 1247 4316 rejiciatur.
1281 4236 1348 4299 leur.

105 4398 109 4404 ¹
170 4325 367 4407 11111214.
413 4321 501 4403 Quod
524 4340 573 4385 me
594 4339 691 4398 umas,
715 4320 798 4401 qnod
818 4320 852 4386 id
876 4322 990 4404 etjam
1004 4320 1134 4402 pridem
1153 4325 1182 4387 et
1204 4327 1349 4389 consten-
