2924 4904
706 352 751 428 rt
877 338 878 341 ‘

138 532 325 613 accusabat,
349 533 408 600 sed
430 534 682 618 quotiescunque
695 521 900 617 'accusabam
931 534 992 600 hoc
1016 533 1136 618 addere
1158 537 1210 602 vel
1231 536 1317 604 inse-

136 641 211 690 rere
233 621 341 688 rerbis
364 621 431 688 suis
453 622 597 702 solebat,
631 640 805 703 numquam
832 621 923 687 illum
954 621 1023 687 sine
1056 641 1133 687 oure
1162 623 1316 690 futurum.
1448 663 1450 666 <

138 710 313 777 Vertamus
335 709 435 790 igitur
456 710 521 776 sic:
557 709 705 796 ,wobei
728 729 765 776 er
786 728 825 775 zu
851 709 1036 775 versichem
1064 708 1222 795 pflegte“,
1255 730 1318 777 non

139 797 285 883 ,indem,
319 795 421 863 damit
449 797 526 863 dass
556 815 592 863 er
614 795 844 864 versicherte“.
888 794 1011 861 Eodem
1032 797 1176 878 pertinet
1197 798 1249 863 hic
1271 799 1317 864 lo·

138 902 211 951 cus:
235 884 279 948 Iu
300 882 443 968 historia,
465 889 586 965 quatu
608 903 647 949 es
667 904 764 949 usus
786 884 822 948 iu
844 882 930 947 omui
944 902 1095 967 sermone,
1117 904 1197 949 cum
1214 886 1302 966 quab‘

137 971 267 1053 quisque
295 974 402 1035 orator
429 972 546 1052 fuisset
574 990 819 1052 eupouercs,
852 969 923 1034 uide
947 1021 953 1036 .
978 1017 985 1032 .
1010 1019 1017 1034 .
1042 970 1139 1036 Brut.
1162 973 1215 1051 85,
1238 976 1317 1037 292.

137 1057 253 1139 Neque
270 1057 354 1122 enim
367 1058 523 1125 historiae
546 1077 623 1125 usus
646 1059 699 1140 qui
722 1059 776 1137 sit,
799 1057 860 1123 hac
883 1057 1103 1122 enuntiatione
1126 1059 1318 1124 secundaria

139 1145 328 1227 explicatur,
352 1163 422 1209 cum
445 1146 509 1210 alio
532 1164 656 1228 quoque
673 1144 800 1211 dicendi
822 1162 940 1225 genere
963 1149 1128 1209 oratorum
1144 1147 1319 1226 qualitates

138 1233 265 1314 possint
288 1231 424 1312 exponi3
458 1232 516 1298 sed
540 1251 603 1314 qua
626 1232 667 1298 de
689 1251 725 1297 re
747 1232 847 1297 tuerit
868 1249 985 1311 sermo,
1015 1231 1187 1297 indicatur.
1232 1231 1319 1299 Ibem

137 1319 191 1384 hic
225 1319 332 1384 locus:
380 1319 508 1399 Appius
531 1367 539 1384 .
562 1367 599 1383 ..
633 1339 700 1384 uou
729 1320 810 1383 satis
841 1320 977 1382 soieuter
1007 1320 1112 1383 oiruru
1145 1319 1259 1384 bouum
1292 1326 1320 1385 et

138 1406 238 1471 ciucru
259 1405 417 1488 cprcpiuru
441 1426 549 1471 cerusor
584 1405 618 1472 0.
642 1406 769 1471 Ateium
794 1406 976 1488 notauit,
1010 1405 1116 1487 quod
1139 1408 1319 1472 ementitum

139 1493 286 1574 cuspius
309 1492 600 1558 subscriberet.
630 1494 694 1558 diu.
717 1492 747 1571 l,
763 1496 813 1571 16,
824 1495 876 1557 29.
920 1490 1005 1557 Nam
1027 1491 1222 1574 subscriptio
1245 1513 1320 1560 cen·
1436 1534 1437 1539 κ

140 1581 225 1646 soris
255 1598 318 1645 non
339 1580 412 1661 ipsa
435 1586 507 1646 erat
528 1585 622 1660 nota,
659 1579 717 1645 sed
740 1578 923 1645 addebatur
944 1585 1059 1662 notae,
1093 1585 1130 1645 ut
1161 1581 1223 1646 loci
1246 1599 1319 1647 sen-

137 1667 277 1732 tentiam
298 1667 345 1731 sic
368 1667 467 1732 licoat
488 1668 698 1748 interpretari
722 1666 864 1752 ,Appius
879 1667 1007 1731 erteilte
1026 1666 1099 1732 dem
1113 1667 1225 1733 Ateius
1248 1669 1319 1734 eine

140 1753 244 1834 Nota,
280 1753 351 1819 weil
373 1772 427 1832 er,
460 1756 518 1819 wie
541 1754 592 1820 die
616 1752 815 1835 Subscriptio
838 1754 970 1828 lentate,
994 1754 1165 1834 Auspicien
1188 1755 1319 1836 erlogen

138 1839 255 1906 habe.“
303 1839 358 1960 (cf.
381 1840 501 1923 Lange,
524 1841 613 1907 Rbm.
638 1841 754 1994 Altelrgt.
791 1845 820 1905 3.
844 1838 924 1904 Aufi.
948 1840 974 1923 I,
997 1859 1028 1921 p.
1053 1841 1140 1922 807).

228 2014 405 2080 Praeterea
427 2019 496 2081 tres
520 2020 595 2081 sunt
618 2015 697 2094 loci,
727 2017 760 2079 in
790 2011 905 2096 quibus
939 2014 1176 2080 enuntiationes
1206 2033 1319 2081 secun·

140 2099 253 2166 dariae
286 2102 448 2183 particula
479 2122 549 2167 curu
577 2101 749 2184 adJ'unctae
779 2099 1196 2183 plusquamperfecti
1227 2121 1319 2168 con·

137 2188 381 2270 junctivum
413 2188 575 2273 habeant,
618 2207 689 2254 cum
722 2189 755 2252 in
787 2188 951 2270 primariis
990 2191 1033 2254 sit
1069 2188 1318 2269 perfectum.

139 2273 217 2340 Nisi
240 2277 343 2340 cuuis
368 2278 523 2358 frumeuti
551 2277 635 2341 ratio
663 2296 701 2340 cu
730 2276 916 2355 temporibus
942 2281 1023 2339 esset
1044 2282 1073 2339 ct
1095 2295 1226 2340 auuoua
1248 2326 1256 2341 .
1280 2324 1318 2341 ..

141 2362 394 2443 consideranda,
416 2383 580 2446 uunquam
602 2369 667 2427 tara
686 2364 774 2444 prati
794 2361 830 2426 bi
850 2362 1063 2443 sesquimodii,
1096 2360 1131 2442 Q.
1156 2363 1319 2445 Hortensi,

135 2449 293 2532 fuissent,
324 2469 400 2532 quos
422 2454 456 2514 tu
478 2470 563 2516 curu
583 2452 624 2515 ad
647 2469 812 2514 rucusurae
833 2454 899 2514 tara
920 2449 1067 2532 cuiquam
1087 2451 1243 2517 ratioueru
1260 2471 1319 2531 po-

134 2535 215 2618 pubo
237 2534 381 2602 Bouiano
402 2537 438 2601 iu
460 2538 567 2619 capita
589 2536 910 2617 descripsisses,
937 2537 1157 2619 pratissiuiuuu
1179 2539 1321 2603 omuibus

135 2624 307 2707 fecisti.
351 2623 437 2689 Verr.
459 2624 539 2701 ΙΙΙ,
562 2627 621 2703 92,
644 2628 718 2690 215.
767 2622 868 2703 Quam
894 2623 1076 2703 petitionem
1108 2644 1195 2689 curu
1223 2625 1320 2690 rebi-

138 2710 318 2794 quisses,
341 2711 372 2776 si
393 2711 450 2776 boc
469 2712 697 2793 indicasti,
720 2715 812 2775 tauta
833 2711 870 2774 iu
892 2714 1074 2791 tempestate
1095 2715 1125 2774 tc
1143 2710 1320 2792 puberuare

136 2816 209 2863 nou
225 2815 327 2878 posse,
350 2798 389 2863 de
410 2799 526 2864 uirtute
547 2805 604 2863 tua
626 2798 776 2863 dubitaui.
809 2798 921 2863 Pbuuc.
939 2800 1035 2879 5,13.
1059 2796 1133 2876 lita,
1155 2818 1243 2863 cum
1262 2818 1320 2864 suo

139 2885 267 2966 corpori
287 2885 351 2949 aba
373 2885 608 2964 attulisset,
631 2904 664 2949 se
686 2885 757 2964 apsa
779 2884 1005 2950 cruciavit.
1048 2883 1170 2950 Obueut.
1194 2889 1244 2969 11,
1267 2889 1321 2952 32.

134 2971 285 3050 Quorum
308 2972 448 3039 locorum
471 2973 505 3038 in
526 2974 631 3055 primo
653 2973 762 3039 nescio
785 2991 826 3038 an
847 2971 1072 3038 conditionalis
1090 2971 1204 3038 modus
1216 2973 1319 3055 fuis·

139 3065 249 3143 scut,
282 3059 337 3141 qui
358 3060 539 3143 antecedit,
572 3059 694 3142 aliquid
723 3059 877 3124 momenti
902 3056 1054 3124 habuerit
1075 3059 1117 3125 ad
1140 3060 1320 3141 eligendam

141 3146 228 3212 hanc
255 3145 392 3211 sormam
421 3147 647 3228 descripsisses.
683 3147 765 3225 «Sed,
786 3152 861 3212 utut
884 3149 944 3229 est,
974 3146 1170 3213 antecedens
1191 3153 1320 3230 tempus

139 3232 467 3316 plusquamperfectis
502 3235 565 3300 illis
596 3253 658 3299 non
681 3234 818 3299 indicari
841 3238 987 3315 apparet.
1033 3233 1098 3299 Sed
1120 3234 1248 3300 etiamsi
1269 3253 1321 3300 re·

140 3338 213 3387 rum
236 3321 448 3404 congruentia
470 3322 600 3387 minime
622 3321 666 3387 sit
689 3339 842 3403 expressa
863 3318 1034 3386 verborum
1056 3319 1182 3404 formis,
1212 3327 1321 3387 tamen

142 3407 250 3474 auimo
287 3408 400 3473 eadem
437 3413 585 3491 tempora
621 3409 744 3491 percipi
778 3425 912 3473 necesse
943 3414 1010 3486 est3
1044 3407 1078 3472 id
1109 3408 1194 3490 quod
1224 3426 1321 3489 posse

142 3491 215 3560 iiori
238 3494 386 3561 existimo
407 3501 598 3577 propterea,
622 3496 707 3577 quod
729 3493 909 3576 perfectum
932 3495 1042 3575 (quale
1065 3500 1116 3560 cst
1134 3495 1248 3576 fecisti,
1270 3495 1321 3560 iu·

144 3580 269 3666 dicasti,
291 3580 457 3667 cruciavit)
481 3588 603 3649 statum
625 3583 777 3661 actionis,
801 3600 896 3663 quem
918 3581 1043 3660 dicunt,
1065 3600 1129 3646 non
1151 3581 1321 3664 significat,

115 3668 202 3734 ⁴sed
224 3674 335 3751 potest
356 3669 454 3734 etiam
484 3670 664 3753 perfectam
693 3670 725 3733 in
757 3670 935 3750 praeterito
966 3670 1125 3734 actionem
1157 3670 1321 3736 continere

143 3755 200 3835 ita,
222 3761 260 3821 ut
281 3755 327 3821 sit
348 3756 495 3837 perfecta
517 3775 617 3823 neone
639 3775 702 3822 non
731 3755 935 3838 dijudicatur.
980 3754 1208 3837 Imperfectum
1230 3757 1321 3822 utin

144 3843 300 3927 primaria
322 3844 484 3916 sententia
507 3849 576 3910 tum
599 3843 772 3925 scribatur,
804 3861 876 3909 cum
898 3842 931 3908 in
954 3842 1147 3909 secundaria
1168 3843 1212 3909 sit
1234 3844 1322 3925 plus·

143 3929 420 4012 quampersectum
442 3931 494 3997 vel
516 3931 682 3997 indicativi
698 3931 749 3995 vel
771 3930 974 4012 conjunctivi,
997 3930 1230 3997 coincidentiae
1252 3930 1322 4013 qui-

146 4016 219 4083 dem
239 4018 367 4084 ratione
390 4019 612 4085 intercedente
633 4017 704 4084 fieri
726 4037 788 4083 non
811 4036 907 4098 posse
930 4016 1012 4083 dico.
1058 4018 1154 4085 Aliud
1176 4022 1323 4084 statuen-

149 4104 222 4171 dum
245 4122 362 4171 censeo
384 4105 435 4170 his
458 4106 538 4172 locis
562 4105 695 4186 duobus,
720 4123 799 4186 quos
821 4106 893 4188 quis
914 4105 976 4170 huc
999 4104 1162 4186 pertinere
1179 4105 1323 4186 putarit:

148 4189 233 4271 daea
254 4211 338 4258 curu
359 4193 550 4273 disputando
567 4193 807 4274 rationibusque
827 4193 1043 4272 docuisset,
1062 4193 1217 4274 poputum
1240 4197 1323 4256 ructu

149 4268 360 4346 liberauit.
401 4300 468 4363 rep.
490 4280 529 4366 Ι,
551 4285 602 4361 16,
623 4281 679 4347 25.
733 4278 844 4345 Ouuis
874 4279 975 4345 matio
1003 4279 1045 4345 ad
1074 4278 1323 4348 miscricordiam
