2924 4904
719 328 760 388 82

152 496 362 580 imperiectae
381 496 446 580 (vel
459 496 627 578 praesenti
642 496 693 562 vel
710 495 901 579 imperfecto
915 496 966 562 uel
980 496 1112 576 immo),
1136 495 1316 579 perlecti

149 586 354 669 participium
386 603 457 650 cum
489 583 689 665 temporibus
719 584 857 650 actionis
886 584 1051 667 perfectae
1091 584 1158 666 (uel
1183 583 1316 666 perlecto

151 675 202 739 vel
229 670 545 754 plusquamperfecto
576 672 628 736 val
657 671 766 737 futuro
795 671 923 756 exacto)
956 674 1168 753 conjungatur
1197 689 1317 737 necesse

148 768 218 843 est,
249 761 277 825 si
301 759 517 825 coincideutes
539 759 719 824 sententias
742 763 871 840 oportet
900 759 1044 840 exprimi.
1094 757 1163 825 Nec
1185 758 1320 824 secusia

147 847 310 929 plerisque
332 845 412 911 locis
435 844 604 910 invenitur.

720 951 750 998 a.

235 1017 453 1100 Antisthenae,
477 1066 484 1081 .
509 1068 516 1082 .
542 1018 732 1099 popularis
754 1019 826 1084 daos
854 1019 983 1096 multos,
1017 1019 1199 1084 naturalem
1230 1037 1320 1083 uuum

148 1128 213 1172 assa
234 1107 389 1187 dicens,
411 1104 529 1169 toltit
550 1106 614 1169 airu
636 1111 665 1170 et
684 1110 836 1169 naturam
858 1107 995 1170 dearum.
1028 1108 1067 1187 cf.
1089 1127 1118 1187 q.
1141 1126 1167 1170 s.
1190 1104 1237 1170 da.
1260 1110 1321 1169 nat.

148 1194 177 1276 I,
202 1197 253 1277 13,
275 1198 321 1259 32
344 1192 401 1275 (cf.
417 1213 453 1273 p.
476 1194 590 1274 alda).
643 1192 758 1259 Umbra
780 1199 883 1258 tarrae
904 1192 964 1258 sali
985 1194 1190 1274 afficiens
1212 1197 1323 1257 noctem

148 1280 296 1362 efficit
328 1301 352 1344 e.
375 1299 449 1363 ps.
473 1279 520 1343 da.
543 1283 611 1343 nat.
634 1278 685 1358 II,
708 1284 758 1361 19,
781 1283 831 1343 49.
875 1281 962 1344 Haec
998 1281 1235 1362 disserens,
1266 1299 1323 1362 quo

144 1368 183 1432 de
204 1389 239 1431 aa
260 1373 391 1450 apatur,
412 1386 475 1431 non
498 1366 619 1430 uidet.
651 1368 711 1447 fat.
737 1371 810 1444 5‚9
844 1367 903 1449 (cf.
923 1388 957 1447 p.
980 1370 1081 1451 50.a).
1132 1367 1169 1433 Si
1191 1367 1323 1432 alioruin

145 1459 295 1518 naturam
317 1455 491 1517 inritans
513 1454 679 1517 annitius
702 1462 798 1518 tuarn.
826 1455 877 1536 off.
901 1454 930 1531 Ι,
952 1458 1004 1532 31,
1028 1459 1098 1517 111.
1144 1454 1225 1535 Quis
1246 1453 1324 1518 anim

140 1546 281 1621 potest
313 1547 439 1605 ruartarn
472 1546 528 1603 uut
559 1541 692 1604 dolurann
724 1547 903 1605 uratuens
926 1590 933 1606 .
959 1589 999 1604 ..
1032 1560 1098 1606 assa
1128 1561 1192 1604 nan
1222 1541 1324 1604 aniscr.

145 1634 222 1692 tusa.
251 1627 285 1710 V,
308 1632 337 1711 6,
362 1632 411 1693 15.
457 1626 590 1692 Caesari
611 1628 756 1692 diadaruu
786 1629 997 1709 irnpanans
1018 1629 1181 1692 Antonius
1203 1648 1326 1692 seranna

145 1736 177 1779 sa
208 1715 298 1779 iilius
328 1736 423 1798 quarn
457 1715 604 1796 cattepani
637 1735 703 1779 assa
731 1714 916 1779 rnalebat.
964 1715 1047 1779 Pbii.
1074 1714 1190 1791 XIII,
1215 1717 1324 1796 8,17.

144 1803 334 1866 Lauabaa
366 1823 443 1867 curu
478 1803 580 1865 oirurn
609 1804 723 1883 fortene
856 1802 1037 1865 audiens
1077 1806 1257 1877 πολιτικῶς
1290 1802 1326 1866 da

138 1890 231 1969 pacis
253 1889 418 1953 sirnnlutaa
444 1889 596 1967 perieulis
623 1889 834 1954 disserentem.
879 1888 947 1952 Aa.
976 1887 1052 1972 VII,
1074 1892 1106 1970 8,
1128 1893 1158 1952 4.
1205 1888 1255 1952 Iis
1279 1909 1328 1953 ra·

145 1976 210 2056 bus,
233 1997 311 2057 quae
334 1981 511 2040 tractantur
532 1977 567 2037 in
590 1975 666 2056 uita,
690 1976 816 2039 naudurn
837 1976 992 2055 arandara
1008 1981 1036 2038 et
1051 1976 1192 2039 ordinent
1216 1976 1329 2040 adiri·

145 2063 287 2126 tentes
308 2063 496 2126 bonastutanr
521 2067 548 2124 at
572 2061 664 2126 dacus
687 2063 1034 2126 conservabimus.
1065 2063 1117 2144 off.
1131 2062 1161 2139 I,
1174 2064 1206 2143 5,
1220 2066 1328 2126 17.-

145 2149 209 2213 Il'ec
239 2169 310 2214 aero
333 2199 341 2214 .
366 2197 372 2211 .
400 2199 405 2213 .
429 2149 656 2229 superstitione
679 2149 868 2213 tollenda
899 2149 1009 2232 adipio
1040 2149 1229 2213 tollitur.
1264 2151 1327 2214 dio.

144 2236 199 2320 II,
223 2239 368 2319 72,148
402 2236 459 2318 (cf.
476 2255 512 2316 p.
535 2236 607 2319 25).
665 2235 904 2300 Corrsulentibus
934 2236 1227 2315 respondendo
1259 2243 1328 2302 stu-

145 2324 248 2387 diosas
272 2324 426 2387 audiendi
450 2323 471 2387 d
480 2322 632 2387 orabat.
669 2322 765 2386 Brut.
781 2327 829 2400 89,
842 2326 913 2387 306.
959 2323 1035 2386 Non
1057 2323 1270 2389 redeunda
1293 2326 1328 2389 iu

140 2411 279 2492 prutiarn
313 2431 380 2473 curn
413 2411 539 2473 iniruiao
571 2429 635 2473 nan
667 2410 867 2474 violabant
896 2411 1089 2493 Paurpap'urn.
1131 2409 1213 2475 aaa.
1237 2412 1326 2478 Post.

143 2501 195 2579 12,
217 2501 266 2561 33.
312 2496 336 2561 I
341 2519 364 2561 n
388 2497 423 2576 Q.
445 2497 577 2577 Liparis
600 2499 888 2562 conseruando
918 2497 1027 2562 ruultis
1049 2503 1085 2560 tu
1107 2497 1233 2579 puidam
1252 2520 1328 2581 pru·

143 2589 207 2648 turn
227 2584 248 2664 f
252 2584 366 2648 naias
388 2583 575 2648 necessariis
590 2584 663 2646 tuis.
694 2585 764 2666 Lip.
777 2589 827 2662 11,
837 2588 892 2651 32.
938 2584 1171 2664 supplicatione
1193 2584 1217 2647 d
1224 2606 1329 2650 acar-

141 2672 277 2736 uendu
300 2670 401 2735 tostas
424 2690 481 2748 aas,
504 2670 541 2734 da
563 2670 673 2751 quibus
697 2671 873 2753 decernitis,
897 2672 1104 2748 iudicatis
1124 2691 1250 2736 necesse
1272 2678 1328 2737 est.

141 2758 226 2822 Pati.
255 2757 308 2821 XI
314 2758 347 2841 V,
370 2761 400 2838 8,
425 2762 470 2822 24
501 2757 558 2839 (cf.
582 2756 620 2820 ib.
643 2760 672 2837 8,
695 2762 761 2822 22:
807 2758 1073 2838 Supplicutianeru
1096 2759 1151 2839 put
1178 2759 1327 2838 decreuit,

140 2845 222 2909 idam
254 2845 441 2926 imprudens
462 2845 562 2908 basias
577 2844 763 2927 judicarit).
815 2844 947 2911 Duobus
976 2846 1009 2911 in
1042 2846 1121 2910 locis
1149 2847 1326 2928 participia

142 2932 286 3013 ejusdem
308 2933 436 3014 generis
460 2931 696 3016 conjunguntur
720 2950 789 2996 cum
812 2933 975 3013 perlectis,
1007 2951 1069 3013 qua
1092 2932 1124 2996 in
1148 2952 1183 2997 re
1208 2933 1324 2999 eadam

143 3019 228 3083 ualet
250 3019 353 3101 ratio,
377 3037 459 3101 quae
485 3037 582 3099 supra
606 3019 637 3082 in
660 3018 701 3083 iis
723 3019 819 3102 locis,
841 3019 874 3082 in
898 3018 1012 3101 quibus
1034 3017 1229 3099 imperfecta
1252 3040 1324 3086 cum

140 3105 294 3186 perlectis
313 3107 425 3187 juncta
458 3103 698 3170 inveniebamus
722 3104 775 3186 (cf.
799 3125 829 3186 p.
856 3111 896 3169 64
920 3111 953 3170 et
978 3111 1027 3170 76.
1054 3108 1097 3186 a).
1151 3104 1236 3184 Quos
1264 3107 1322 3190 (sc.

140 3190 254 3273 libros)
277 3197 313 3255 tu
336 3192 549 3256 laudando
572 3192 692 3255 anianus
715 3192 792 3255 anibi
815 3192 1031 3258 addidisti.
1065 3191 1135 3256 Att.
1156 3191 1320 3278 V11,a‚4.

141 3278 175 3360 (i.
199 3298 226 3344 e.
250 3297 322 3344 aum
343 3277 519 3351 laudabas.
549 3278 729 3361 addidisti).
775 3279 863 3344 Haec
892 3301 912 3341 a
939 3279 1101 3360 principia
1123 3278 1180 3343 tibi
1201 3301 1322 3360 prue-

139 3366 310 3446 aipiens
333 3366 366 3450 (i.
381 3385 408 3432 a.
425 3385 497 3432 cum
519 3363 783 3448 praecipiebam),
806 3372 959 3450 quantum
971 3366 1235 3448 profecerim,
1257 3387 1320 3431 uon

138 3454 258 3536 ipnoro.
290 3452 325 3532 Q.
345 3455 391 3535 fr.
415 3454 444 3538 1,
466 3456 498 3535 2,
521 3456 550 3516 7.

224 3625 472 3707 Participiis
498 3623 710 3706 perfectis
742 3643 813 3690 cam
843 3622 1044 3707 temporibus
1066 3624 1223 3706 perfectis
1246 3647 1314 3692 con·

135 3714 258 3795 junctis
282 3713 500 3778 coincideutes
523 3713 706 3778 sententiaa
730 3711 950 3794 significantur
972 3713 1004 3775 in
1026 3711 1078 3776 his
1101 3713 1195 3780 locis:
1225 3714 1316 3779 Hanc

138 3803 196 3885 (so.
220 3800 378 3884 legionem
402 3798 568 3880 Martiam)
602 3798 775 3864 imitatu
806 3805 921 3879 quartu
950 3798 1031 3881 iapia
1056 3819 1169 3878 pararu
1190 3800 1313 3864 uirtutis

136 3887 273 3970 piariuna
297 3890 522 3950 consecuta
546 3890 615 3948 ast.
660 3885 746 3950 Part.
773 3884 866 3963 XIV,
889 3889 943 3960 12,
960 3889 1010 3948 31.
1057 3885 1166 3968 Hujus
1189 3887 1312 3969 iapionis

135 3975 281 4038 uirtutena
311 3973 482 4037 inritatu
511 3977 626 4052 quarta
655 3973 732 4056 lupia
756 4020 763 4034 .
788 4021 825 4036 ..
861 3971 895 4037 0.
920 3971 1068 4036 Caesaris
1101 3977 1309 4038 auctoritatam

136 4067 228 4142 atpara
260 4061 427 4125 exercituin
455 4065 682 4139 persecuta
716 4064 781 4122 ast.
823 4058 862 4122 ab.
886 4058 965 4142 III,
988 4063 1024 4141 3,
1047 4062 1077 4120 7.
1123 4058 1306 4142 (Naturam)

135 4149 148 4212 i
156 4150 305 4212 irritatu
335 4149 490 4212 rationes
513 4146 556 4210 ud
584 4146 681 4209 vitnau
714 4146 910 4209 necessarias
932 4144 1076 4209 sollerter
1099 4150 1305 4211 consecuta

136 4242 205 4304 ast.
241 4235 297 4318 lap.
319 4235 348 4318 1,
370 4239 401 4313 8,
425 4239 469 4300 26
503 4233 557 4318 (cl.
581 4233 685 4300 locum
709 4251 807 4315 supra
831 4233 906 4297 all:
942 4232 978 4299 Si
1005 4231 1142 4298 aliarum
1168 4239 1302 4298 naturum
