2924 4904
716 319 756 380 89

138 484 217 552 fecti
249 486 464 570 significetur,
498 486 938 571 plusquamperfectis
970 485 1189 568 exprimantur
1223 483 1321 550 etiam

140 579 228 656 tum,
264 593 333 640 oum
369 593 407 638 ex
429 575 595 655 praesenti
625 577 676 639 vel
698 575 808 640 futuro
830 575 935 640 oratio
955 573 1112 656 pendeat,
1146 578 1182 636 ut
1205 571 1321 637 referri

140 664 287 741 tempora
305 666 462 742 appareat
485 661 526 725 ad
550 662 750 726 infinitivi
772 663 859 727 illius
882 668 1019 742 tempus,
1044 697 1086 706 -
1109 677 1212 724 nonne
1235 658 1320 723 idem

140 755 210 812 turn
243 746 313 814 fieri
338 748 555 813 necessarium
585 749 750 828 videatur,
784 768 856 814 eum
879 751 1119 830 congruant
1148 745 1321 826 tempora?

141 834 318 900 Videamus
352 837 514 916 exempla:
560 837 629 900 Hoc
652 855 716 900 uno
741 836 993 917 complector
1015 834 1137 908 omnia,
1172 832 1323 897 neminem

139 922 200 985 isto
216 927 365 1002 praetore
386 928 561 987 senatorem
580 924 652 1004 deri
671 924 878 1002 potuisse,
911 923 978 987 nisi
1000 922 1054 1003 qui
1075 921 1131 985 isti
1152 919 1323 1000 pecuniam

140 1008 331 1073 dedisset.
365 1008 448 1072 Verr.
472 1010 594 1091 11,51‚
618 1013 692 1075 125.
740 1008 954 1094 (Dico)...
973 1009 1169 1090 patefactum
1199 1006 1321 1072 nostris

141 1095 313 1177 legionibus
346 1116 433 1160 esse
461 1097 617 1174 Pontum,
656 1097 712 1179 qui
741 1103 835 1161 antea
848 1096 966 1178 populo
998 1095 1141 1160 Romano
1170 1114 1208 1158 eu
1239 1092 1325 1158 omrai

141 1183 231 1246 aditu
264 1183 579 1264 eleususfuisset.
613 1183 721 1265 Pomp.
743 1188 782 1263 8,
811 1188 865 1249 21.
919 1184 990 1248 Tibi
1023 1183 1079 1247 loo
1111 1181 1325 1247 concedam

142 1269 291 1335 Minucio
314 1275 342 1336 tc
362 1271 430 1334 ioleo
451 1291 515 1334 uon
539 1271 769 1336 tradidisse
789 1271 848 1352 (so.
871 1271 1047 1354 decumas),
1069 1270 1153 1350 quod
1167 1269 1240 1350 jum
1262 1267 1325 1332 ad·

140 1356 328 1422 dixisses
350 1356 503 1437 Apronio.
530 1357 698 1437 17111111,
711 1363 762 1442 64,
775 1361 846 1422 151.
887 1357 1022 1435 Credo,
1046 1376 1116 1421 cum
1137 1355 1327 1435 uidisset,

139 1444 195 1524 pul
209 1442 348 1508 domines
370 1445 405 1507 in
428 1445 511 1509 disce
526 1443 684 1509 subselliis
697 1445 848 1527 sederent,
872 1446 1095 1526 quoesisse,
1119 1463 1197 1507 nura
1220 1464 1245 1506 e.
1259 1462 1287 1522 p.
1298 1460 1324 1507 s.

142 1529 234 1594 Rosa
259 1530 333 1595 Arn.
357 1535 410 1613 21,
434 1534 483 1595 59.
529 1531 595 1596 ille
617 1532 787 1614 requisisse
810 1532 905 1596 etiam
926 1532 947 1597 d
955 1531 1088 1596 icitur
1110 1529 1327 1594 Archimedem

142 1618 232 1682 illum
251 1668 257 1681 .
276 1665 282 1680 .
302 1666 319 1700 .,
343 1637 431 1699 quem
444 1638 512 1682 oum
535 1619 721 1683 audisset
743 1619 948 1698 intersectum,
963 1617 1149 1699 permoleste
1162 1616 1327 1681 tulisse.

149 1704 235 1768 Verr.
259 1704 319 1784 IV,
343 1709 402 1781 58,
432 1709 503 1770 131.
556 1706 592 1770 11
627 1703 774 1770 omnibus
809 1706 860 1770 his
892 1705 972 1770 locis
1001 1702 1327 1786 plusquamperfectis

143 1791 289 1856 actiones
312 1790 533 1873 significantur
556 1792 787 1858 antecedentes
810 1793 873 1870 eis,
898 1811 979 1874 quae
1002 1790 1253 1856 infinitivis
1277 1789 1325 1854 di·

144 1883 281 1957 cuntur;
315 1897 389 1943 nam
411 1880 439 1944 si
462 1878 689 1960 praesentibus
711 1879 776 1944 illis
800 1877 1014 1960 (complector,
1043 1878 1128 1956 dico,
1152 1877 1326 1958 concedam,

143 1965 243 2047 credo,
265 1965 400 2048 dieitur)
425 1967 654 2031 antecedentes
678 1967 823 2032 actiones
846 1965 1119 2047 significarentur,
1153 1983 1217 2029 non
1238 1963 1326 2044 plus·

147 2052 384 2135 quamperfecti
407 2053 464 2117 sed
496 2052 687 2133 perfecti
720 2053 940 2134 conjunctivus
973 2071 1045 2119 esse
1075 2050 1218 2118 deberet.
1263 2051 1327 2115 Re·

145 2139 294 2204 feruntur
316 2140 415 2221 igitur
438 2145 584 2220 tempora
614 2140 654 2205 ad
684 2139 946 2205 infinitivus.
994 2139 1085 2218 Quod
1107 2157 1179 2204 aum
1203 2139 1251 2202 ita
1274 2138 1327 2219 sit,

146 2245 188 2291 an
211 2225 324 2291 dehis
357 2226 437 2292 locis
469 2227 565 2292 aliter
590 2227 800 2309 judicandum
829 2227 979 2292 videtur?
1023 2226 1182 2290 Fateor
1203 2245 1250 2288 me
1272 2244 1327 2288 er·

146 2332 285 2390 rasse,
316 2314 369 2395 qui
392 2313 447 2377 loc
475 2313 714 2394 maluerim·
743 2315 889 2395 fateor
911 2314 1150 2388 insedisse,
1184 2312 1239 2393 qui
1260 2331 1328 2376 cum

145 2399 212 2464 illis
233 2400 445 2481 senserim.
469 2401 562 2467 Rosa.
588 2400 660 2465 Am.
683 2405 742 2480 49,
765 2405 839 2465 142.
884 2400 1014 2483 Nepet
1043 2401 1182 2484 inpratis
1211 2398 1329 2464 ciuibus

142 2487 299 2568 fecisse
320 2506 362 2569 se,
385 2507 464 2569 puae
484 2488 647 2570 fecerit.
677 2487 872 2565 Mil.35,95.
916 2486 1122 2551 Fateatur
1220 2505 1254 2550 se

143 2574 343 2654 praedonum
372 2575 464 2638 duces
488 2623 494 2638 .
522 2624 560 2640 ..
592 2594 690 2656 usque
723 2575 798 2639 dum
832 2594 892 2655 per
921 2593 970 2638 me
1008 2573 1199 2650 licuerit,
1232 2571 1329 2636 reti·

90 2739 92 2742 ι
146 2661 306 2724 unisse.
335 2659 601 2745 Verr.I,5,12.
646 2661 759 2726 Nonne
782 2662 833 2726 his
855 2661 888 2725 in
920 2661 999 2726 locis
1030 2659 1227 2743 perfecta
1260 2679 1328 2722 ma-

146 2747 269 2828 luerim,
293 2749 443 2811 senserim
466 2755 557 2826 cett,
591 2749 667 2829 quia
697 2754 934 2829 congruunt
964 2753 1110 2829 tempora
1133 2766 1202 2812 oum
1226 2745 1328 2810 infini-

146 2835 223 2900 tivis
246 2854 378 2913 errasse,
400 2835 559 2900 insanisse
582 2836 709 2910 ceteris,
732 2835 847 2900 eadem
865 2837 991 2900 ratione
1005 2835 1069 2900 dici
1084 2834 1243 2914 videntur,
1267 2850 1330 2914 que

147 2922 584 3003 plusquamperfeota
617 2920 837 3004 superioribus
859 2922 892 2987 in
915 2922 1015 3001 locis,
1050 2922 1125 3004 quia
1159 2927 1328 2986 antece-

149 3009 252 3073 dunt
277 3027 384 3074 eorum
408 3016 554 3090 tempora
576 3008 767 3075 infinitivis?
806 3009 988 3090 congruere
1011 3015 1118 3073 autem
1141 3009 1244 3088 magis
1267 3025 1330 3072 non

147 3102 284 3176 possunt
317 3101 483 3176 tempora,
518 3115 613 3178 quam
646 3098 674 3162 si
709 3097 890 3161 sententiae
919 3103 994 3161 sunt
1016 3096 1243 3161 coincidentes.
1288 3095 1331 3159 At

147 3186 246 3263 negat
267 3182 500 3248 Wetzelius
534 3183 588 3263 (cf.
611 3202 642 3264 p.
667 3185 723 3261 88)
758 3183 991 3248 coincidentiae
1013 3184 1139 3248 ratione
1162 3183 1331 3264 quicquam

149 3269 304 3350 explicari
325 3269 357 3333 in
380 3270 445 3335 illis
467 3269 574 3334 Diui
594 3270 668 3335 leue
689 3291 759 3334 euru
778 3271 909 3353 fecisse,
942 3271 1025 3352 quod
1046 3270 1275 3334 mansisset
1297 3272 1331 3332 et

148 3354 255 3420 Dico
277 3354 304 3420 d.
327 3377 351 3419 e.
374 3358 398 3435 f.
422 3377 451 3436 p.
474 3358 692 3439 manserit,
720 3376 791 3423 cum
813 3358 846 3421 in
869 3361 1004 3438 utroque
1027 3357 1140 3422 eadem
1163 3356 1206 3420 sit
1228 3355 1332 3420 forma

145 3444 266 3523 fecisse.
312 3442 356 3507 Et
378 3461 455 3508 sane
479 3444 581 3509 forma
606 3445 735 3526 quidem
759 3449 810 3509 est
832 3443 955 3525 eadem,
979 3444 1036 3509 sed
1060 3444 1108 3508 vis
1131 3443 1274 3524 ejusdem
1297 3442 1330 3505 in

146 3537 285 3610 utraque
308 3530 431 3595 formae
466 3538 517 3596 est
552 3532 688 3596 diversa.
734 3531 845 3612 Neque
879 3531 962 3595 enim
997 3533 1029 3595 in
1064 3549 1099 3595 se
1128 3528 1227 3595 habet
1251 3527 1331 3594 certi

148 3618 305 3698 temporis
328 3617 501 3699 notionem,
525 3618 582 3683 sed
606 3618 674 3699 ejus
698 3618 851 3699 temporis
873 3616 1011 3683 habetur
1033 3616 1217 3697 infinitivus,
1241 3616 1332 3697 cujus

149 3710 201 3769 est
222 3701 347 3768 finitum
369 3703 520 3784 verbum,
555 3705 605 3770 cui
635 3705 829 3786 adjungatur
861 3704 914 3787 (cf.
938 3704 1035 3770 L.·M.
1058 3705 1097 3786 V,
1121 3705 1138 3788 ξ
1164 3703 1249 3785 109).
1294 3702 1333 3767 Id

144 3790 212 3871 jam
238 3789 437 3856 Sanctius
459 3791 560 3872 probe
583 3791 753 3872 intellexit,
777 3810 848 3856 aum
871 3791 951 3857 dixit
973 3791 1050 3856 Min.
1068 3792 1164 3873 1,1a:
1188 3789 1330 3872 ,cupio

149 3878 271 3960 legere,
294 3896 351 3943 seu
374 3878 555 3962 legisse,
577 3880 760 3961 praesentis
782 3885 853 3957 est3
889 3879 1022 3960 cupivi
1044 3879 1171 3964 legere,
1195 3896 1252 3943 seu
1275 3877 1331 3941 le·
1406 3922 1408 3927 -

149 3965 281 4047 gissa,
316 3965 508 4046 praeteriti,
542 3966 668 4048 cupiam
702 3966 835 4049 legere,
867 3984 924 4031 seu
945 3965 1084 4048 legisse,
1118 3962 1238 4031 futuri“
1274 3962 1330 4046 (af.

147 4070 178 4132 p.
203 4050 268 4136 86).
314 4052 421 4133 Atque
442 4051 631 4133 perfecti
654 4051 848 4130 infinitivus,
884 4072 955 4117 cum
977 4053 1155 4135 perfectam
1178 4051 1332 4133 cujusque

151 4139 306 4220 temporis
329 4139 489 4205 actionem
512 4141 648 4218 indicet,
683 4158 754 4205 cum
783 4140 1013 4221 praesenti
1035 4140 1222 4221 conjunctus
1245 4155 1332 4218 per·

151 4223 254 4292 fecti
276 4227 520 4308 praesentis
542 4227 605 4293 vim
626 4228 779 4310 continet,
800 4246 863 4293 non
882 4228 952 4309 ejus
969 4227 1106 4311 quidem,
1130 4226 1214 4309 quad
1236 4225 1333 4306 plane
