2924 4904
712 311 752 369 39

135 483 225 549 Suet.
249 486 300 564 15,
324 487 380 547 42.
424 479 484 544 Ilii
506 499 647 544 derisores
667 480 811 560 feceriut
831 477 950 556 idern,
980 476 1077 558 quod
1099 477 1135 541 iro
1157 482 1267 542 nostra
1291 498 1325 541 re

122 571 268 650 publicu
291 570 390 634 soient
412 568 454 649 ii,
485 567 540 648 qai
558 587 616 647 per
638 565 837 646 turpitiorrem
867 563 1075 646 mapiatrotus
1103 564 1323 645 adepti-suot:

128 659 297 723 dederuut
318 674 462 738 operam,
494 659 529 718 at
553 702 560 718 .
584 700 624 718 ..
653 651 982 733 Verr.II,55,138.
1027 648 1117 715 Fecit
1149 650 1197 714 rel
1223 651 1325 731 ptus

129 745 236 808 etiarn
257 764 351 825 quom
373 742 471 817 eiirit,
502 760 568 805 riori
591 740 673 804 enirn
692 740 804 821 perite
826 738 880 802 itte
907 737 954 802 Ti.
981 735 1118 803 Gouraioi
1148 739 1325 817 temeritati,

130 831 197 896 seri
214 830 369 912 praefuit.
412 850 472 893 orio.
495 832 545 907 11,
568 826 664 911 37³⁹).

231 1089 353 1167 Quarto
378 1090 516 1172 denique
538 1107 657 1172 genere
681 1106 791 1153 omnes
813 1105 869 1152 eoa
894 1088 982 1152 locos
1006 1086 1258 1168 complectimur,
1291 1087 1324 1150 in

138 1175 260 1259 quibus
283 1175 501 1242 verborum
532 1177 651 1241 nulla
681 1175 725 1240 sit
757 1174 1036 1256 congruentia
1067 1192 1170 1255 neque
1198 1173 1325 1255 singula

139 1267 195 1328 vel
218 1265 347 1329 nomina
369 1265 421 1329 vel
438 1262 594 1329 adverbia
610 1262 733 1328 faciant
744 1263 926 1342 discrimen,
950 1262 1007 1326 sed
1030 1260 1211 1326 sententiaa
1236 1266 1325 1326 totae

138 1352 229 1415 inter
258 1371 331 1416 aeae
362 1351 455 1433 quasi
483 1351 743 1433 perpendantur3
776 1349 831 1430 qui
862 1348 924 1412 loci
956 1353 1032 1413 sunt
1053 1348 1126 1428 plus
1150 1347 1324 1429 quingenti.

143 1437 249 1504 Nullis
270 1437 370 1518 igitur
392 1439 527 1504 vinculis
550 1457 621 1503 cum
637 1435 736 1503 verba
759 1438 826 1500 sint
848 1436 993 1514 astricta,
1019 1435 1129 1500 multis
1153 1434 1325 1501 admodum

144 1526 307 1607 variisque
328 1526 434 1594 modia
456 1525 636 1592 sententias
659 1522 794 1606 exprimi
816 1527 1066 1588 consentaneum
1090 1527 1150 1587 eet.

229 1716 294 1782 Sed
324 1717 355 1781 in
378 1722 472 1783 tanta
501 1716 661 1782 varietate
691 1713 846 1781 orationis
878 1718 986 1778 tamen
1021 1731 1131 1778 omnes
1163 1714 1231 1778 fere
1263 1714 1326 1779 loci

145 1803 279 1868 eandem
302 1804 390 1869 illam
413 1824 507 1887 quam
532 1805 563 1867 in
587 1802 706 1870 ceteris
719 1799 894 1887 generibus
911 1800 1125 1881 cognovimus,
1149 1807 1327 1883 sequuntur

145 1909 298 1969 iiormam,
331 1897 369 1956 ut
391 1891 660 1957 secundaria
684 1889 905 1954 enuntiatione
928 1887 1050 1967 aliquid
1074 1887 1180 1952 fieri
1203 1888 1255 1952 vel
1278 1887 1326 1952 ia·

145 1983 230 2043 ctum
261 1979 312 2043 vel
341 1977 484 2044 futurum
515 1997 587 2043 esse
618 1978 746 2043 dicatur
775 1976 826 2040 vel
848 1973 918 2039 fieri
940 1972 1091 2055 fingatur,
1124 1975 1327 2056 primaria

144 2065 364 2130 enuntiatione
395 2066 510 2130 eadem
541 2084 595 2131 rea
622 2066 671 2129 ita
700 2064 916 2145 exprimatur,
950 2065 986 2125 ut
1010 2061 1050 2126 de
1074 2080 1113 2126 ea
1136 2059 1194 2127 fiat
1213 2061 1326 2144 judi-

144 2152 270 2231 cium;
301 2154 385 2217 ratio
409 2159 517 2218 autem
540 2155 626 2217 inter
647 2152 834 2233 primariam
864 2155 898 2213 et
919 2149 1144 2213 secundariam
1177 2150 1325 2214 enuntia·

143 2239 264 2303 tionem
287 2258 326 2304 ea
348 2240 541 2321 intercedat,
565 2245 601 2306 ut
624 2237 817 2304 secundaria
840 2234 978 2316 subjecti
1002 2236 1236 2316 quodammodo
1259 2239 1325 2301 vim

145 2326 317 2404 contineat,
350 2327 506 2408 primaria
529 2327 720 2408 praedicati.
766 2327 872 2405 Atque
896 2328 966 2387 tota
990 2323 1209 2404 exemplorum
1233 2324 1327 2404 copia

143 2411 174 2475 in
197 2414 337 2494 quinque
361 2421 473 2495 partes
495 2415 664 2480 discedere
677 2413 754 2477 mihi
768 2413 904 2492 videtur,
928 2429 1120 2491 quamquam
1144 2429 1205 2476 non
1229 2411 1324 2492 plane

145 2510 251 2564 certos
274 2500 359 2565 inter
382 2519 438 2567 eas
461 2499 541 2568 fines
564 2500 718 2567 constitui
740 2518 836 2581 posse
861 2496 1025 2563 confiteor.

719 2606 749 2652 a.

229 2672 334 2755 Saepe
365 2693 404 2740 ea
435 2693 517 2757 quae
547 2675 599 2739 vel
629 2675 752 2740 sentiat
784 2673 834 2739 vel
864 2672 952 2737 dieat
985 2671 1036 2736 vel
1066 2669 1168 2736 faciat
1196 2671 1325 2754 aliquia,

143 2758 259 2825 falso
282 2761 334 2825 vel
357 2781 454 2827 sensa
476 2763 526 2827 vet
550 2762 638 2827 dicta
661 2763 712 2827 vel
735 2762 822 2826 facta
846 2778 917 2824 esse
942 2765 1054 2823 orator
1077 2758 1205 2839 judicat
1227 2758 1326 2824 verbo

142 2847 270 2912 errandi
295 2848 345 2913 vel
367 2848 542 2915 mentiendi
566 2850 618 2914 vel
640 2847 797 2930 peccandi
819 2846 871 2910 vel
893 2844 991 2911 simili
1014 2863 1101 2910 usus.
1155 2845 1240 2909 Huic
1264 2846 1324 2928 (so.

139 2935 296 3017 tenuari)
328 2935 359 2998 ai
382 2956 504 3016 paucos
532 2938 654 3016 putatia
686 2937 801 3017 affines
832 2952 911 3015 ease,
942 2931 1135 2996 veteraria
1157 2934 1326 2997 errotis.

143 3020 209 3084 Cat.
225 3020 250 3083 I
253 3020 285 3095 V,
307 3027 337 3103 3,
353 3027 381 3086 6⁴.
427 3022 633 3088 Existimasti
655 3027 683 3086 te
704 3024 828 3102 utrique
849 3019 970 3101 repotio
992 3019 1178 3099 satisfacere
1199 3023 1325 3101 posse?

144 3109 330 3173 uehementer
353 3113 524 3174 errasti.
568 3109 659 3174 Mur.
681 3114 738 3192 22,
760 3112 813 3172 46.
860 3105 1015 3187 urracae,
1045 3104 1165 3189 Verrea,
1190 3112 1219 3170 et
1240 3107 1325 3172 oede-

143 3201 260 3258 meater
281 3195 465 3274 errabat,
496 3217 564 3261 cum
595 3201 624 3260 te
653 3197 795 3262 reuectus
822 3196 982 3274 furtorum
1011 3199 1040 3257 et
1059 3193 1253 3276 [topitiorrrm
1276 3201 1325 3258 tar·

144 3301 233 3345 orum
362 3285 463 3348 eluere
493 3283 702 3347 arbitrabare.
743 3282 831 3348 Verr.
862 3281 974 3359 V,46,
998 3284 1073 3346 121.
1119 3279 1225 3362 Nepae
1255 3287 1323 3345 tom

136 3370 319 3446 peccavi,
352 3389 422 3434 eura
450 3372 641 3452 imperatum
673 3369 816 3450 Capram
848 3417 854 3432 .
880 3417 887 3431 .
912 3416 920 3430 .
949 3367 1087 3446 occurere
1109 3368 1206 3431 roiui.
1252 3369 1322 3432 Att.

146 3453 242 3532 VIII,
256 3460 311 3530 12,
324 3460 355 3520 2.
402 3457 490 3537 Quod
512 3458 622 3521 scribit
645 3457 768 3521 Metelli
787 3456 890 3536 fitium
909 3475 1044 3534 puerum
1067 3474 1141 3533 ease,
1164 3454 1322 3519 rotemero·

141 3546 185 3606 ter
207 3549 334 3607 errat.
374 3543 459 3609 Verr.
482 3542 554 3627 III,
578 3547 722 3627 68,159.
766 3542 947 3620 Errorit,
971 3542 1023 3622 qui
1046 3541 1124 3605 istria
1148 3540 1208 3622 (se.
1230 3542 1320 3606 taho·

210 3741 237 3810 ⁸⁸)
256 3741 466 3796 Annotatio.
487 3741 675 3796 Removendas
693 3741 727 3794 ab
741 3741 784 3794 his
799 3755 896 3793 censeo
911 3754 956 3793 eos
970 3739 1054 3804 locos,
1074 3739 1101 3792 in
1123 3737 1220 3805 quibua
1241 3754 1318 3806 ,gra-

143 3815 213 3865 tum“
236 3813 277 3866 vel
297 3813 355 3880 ejus
375 3813 464 3866 simile
483 3830 537 3868 non
557 3814 693 3881 objectum
712 3813 749 3866 sit
761 3811 880 3866 faciendi
894 3811 976 3864 verbo
988 3811 1153 3880 adjunctum,
1173 3808 1221 3864 sed
1240 3827 1319 3876 prae·

143 3884 260 3938 dicatum
281 3883 405 3937 additum
424 3884 506 3939 verbo
528 3887 620 3952 „esse“
642 3886 715 3938 velut
741 3884 830 3937 inhia
850 3884 935 3937 locis:
965 3883 1171 3952 Perprotum
1197 3881 1266 3935 erit
1293 3880 1319 3935 ai

143 3955 178 4008 od
196 3973 236 4009 rna
255 3955 403 4025 scriptoria.
440 3953 507 4020 forr.
519 3957 572 4024 IX,
581 3961 607 4025 2,
619 3961 643 4010 5.
686 3955 765 4027 Quod
783 3955 821 4009 ad
832 3955 973 4009 Xenonem
991 3953 1133 4022 scripsisti,
1152 3953 1232 4007 'aeide
1249 3953 1318 4006 mitti

140 4034 278 4094 pratum
297 4033 354 4081 eat.
392 4027 449 4082 Ati.
465 4028 547 4097 XIV,
564 4032 641 4096 16,4.
679 4028 749 4081 Nam
770 4029 797 4080 in
816 4027 897 4096 hujus
916 4027 1023 4094 generis
1042 4027 1109 4080 locia
1128 4025 1217 4078 altera
1236 4042 1317 4078 enun-

143 4099 263 4164 tiatione,
284 4098 346 4166 quiid
366 4097 451 4152 faciat
471 4101 578 4168 aliquis,
598 4102 687 4154 altera
706 4118 738 4154 ea
752 4115 781 4153 re
798 4115 866 4166 quae
881 4097 1041 4167 jucunditas
1062 4127 1092 4136 -
1114 4113 1166 4150 non
1179 4095 1316 4150 efficiatur

142 4170 174 4222 ab
194 4171 300 4236 codem,
330 4171 375 4238 qui
400 4168 482 4237 facit,
512 4172 558 4226 aad
586 4189 654 4240 quae
681 4173 717 4225 sit
739 4172 797 4240 ejus
816 4171 862 4239 qui
881 4170 1003 4240 loquitur
1022 4167 1200 4236 significatur.
1237 4169 1315 4223 Duae

143 4241 224 4307 igitur
244 4250 308 4297 sunt
328 4259 371 4296 res
391 4259 477 4310 noqnc
496 4245 649 4298 sententiae
667 4243 859 4298 coincidentec.
