2924 4912
643 381 683 441 63

67 550 179 617 indem
210 549 387 636 (dadurch,
423 525 513 634 dass)
547 549 635 615 steht
664 551 723 616 mit
760 550 833 615 dem
854 548 1013 615 Indieativ
1033 545 1091 612 des
1112 545 1253 610 Praeens

69 637 137 704 und
162 638 220 704 des
242 636 444 703 Perfectume
470 687 477 701 .
503 686 509 700 .
535 686 541 700 .
566 636 646 702 aber
668 638 727 702 mit
751 638 823 704 dem
847 635 1035 717 eonjunctiv
1058 633 1116 699 des
1130 633 1252 713 Imper-

68 724 240 792 fectums“.
264 725 709 808 (Tribuniciampatestatem)
726 743 825 791 eum
838 722 1027 805 pascebat
1043 723 1103 804 (sc.
1116 719 1253 801 populus

70 812 251 895 Romanus)
354 833 389 876 re
411 831 485 875 vera
501 811 627 893 judicia
641 814 846 891 pascebat.
883 811 969 876 Verr.
994 813 1052 873 aet.
1076 807 1104 885 I,
1127 809 1177 884 15,
1201 807 1252 867 44.

72 899 154 979 III,
185 903 242 979 48,
273 903 345 963 115.
387 897 422 962 F
425 898 502 962 laec.
529 902 589 978 33,
611 901 662 962 83.
688 934 724 944 ·—
751 900 866 982 Maius
887 897 1038 979 quiddam
1059 892 1258 978 videbam,

68 1005 142 1052 aum
164 987 371 1052 censebam
394 990 548 1050 oratorem
572 1035 578 1049 .
603 1032 610 1049 .
633 1036 639 1050 .
662 987 784 1050 multius
807 984 985 1051 aruammti
1006 986 1161 1064 expertem
1183 998 1249 1044 esse

73 1081 223 1154 oportere.
246 1075 284 1138 de
306 1093 350 1137 ar.
372 1072 410 1155 1,
444 1077 505 1151 62,
535 1076 610 1137 264.
660 1074 720 1138 Cui
752 1095 820 1138 eum
848 1073 1017 1153 imperium
1044 1069 1253 1142 dabamus,

73 1160 179 1225 eadem
208 1166 347 1241 tempore
376 1161 472 1223 etiam
493 1179 579 1239 spem
602 1159 670 1238 eius
694 1163 832 1224 riaaeiuis
854 1162 912 1242 (sc.
935 1157 1152 1239 temeratoris)
1175 1155 1256 1234 dese·
1370 1224 1373 1229 ,

70 1248 226 1312 rebamus.
270 1247 354 1311 Phil.
379 1246 474 1324 XIV,
497 1251 545 1327 19,
568 1251 622 1311 28.
646 1249 685 1328 et.
709 1248 769 1312 Ae.
788 1269 843 1328 pr.
867 1247 929 1328 II,
950 1250 1001 1322 12,
1023 1247 1074 1308 37.
1094 1245 1172 1324 fam.
1201 1239 1255 1321 VI,

69 1339 103 1409 2,
128 1338 160 1398 2.
188 1334 324 1410 VerrV,
348 1333 631 1415 68,176.10“0.6,
655 1338 705 1398 18.
731 1369 769 1380 -
793 1336 974 1417 300.6,15.
1000 1367 1039 1378 —-
1062 1330 1255 1395 Vebemeuter

71 1421 267 1497 errabas,
290 1442 358 1486 cum
380 1427 408 1484 te
430 1421 571 1484 macutus
590 1426 751 1501 turturum
775 1421 1006 1503 etttapitiarum
1019 1423 1143 1481 tuarum
1156 1415 1254 1480 sacia·
1350 1446 1352 1454 ·

70 1529 145 1572 rum
179 1509 391 1573 iuuaeeutium
422 1508 579 1590 saupuiue
613 1508 715 1571 eluere
756 1508 1032 1572 arbitrabare.
1094 1503 1181 1568 Verr.
1221 1500 1255 1582 V,

70 1598 124 1673 46,
146 1598 218 1660 121.
252 1596 330 1660 Cum
352 1594 409 1658 tibi
428 1595 503 1658 baec
520 1595 612 1658 uerba
626 1596 870 1659 recitabant
887 1587 1252 1679 ,clarissimumairuffl

72 1703 98 1745 0.
123 1702 152 1762 q.
164 1702 199 1764 3.,
219 1682 299 1745 aiibi
322 1681 410 1746 erede
431 1681 640 1745 tudebaut.
670 1683 778 1746 Flacc.
803 1687 855 1760 31,
879 1685 929 1743 m.
965 1680 1043 1745 (mue
1066 1675 1256 1742 credebat

70 1768 223 1832 inductus
234 1770 352 1844 usuris
369 1768 404 1831 id
420 1792 440 1831 a
446 1791 467 1850 9
477 1769 547 1832 aba
559 1773 571 1832 t
585 1775 619 1832 ut
632 1769 756 1832 baberet
766 1790 859 1851 quatu
865 1767 1052 1848 plurimum.
1076 1764 1156 1829 Bab.
1170 1762 1255 1827 Post.

70 1859 127 1937 14,
142 1859 191 1919 39.
218 1856 307 1932 Tum,
322 1855 563 1937 cieueuipitauda
579 1857 729 1920 uecaba
740 1863 825 1933 tur,
852 1860 944 1919 erat
960 1855 995 1917 iu
1007 1852 1132 1917 metiore
1144 1869 1252 1928 causa,

69 1945 288 2025 quarn...aff.
311 1941 383 2019 III,
405 1946 457 2020 27,
482 1947 550 2006 100.
586 1941 665 2008 Cum
688 1942 978 2007 exhauriebas
1000 1940 1170 2019 aerarium,
1186 1957 1255 2002 eum

70 2029 254 2094 orbabas
265 2023 572 2109 Itatiamiuaeutute,
588 2050 656 2094 cum
668 2051 756 2094 mare
766 2030 980 2094 castissimum
989 2027 1087 2091 bimae
1100 2031 1137 2088 tr
1146 2047 1166 2089 a
1175 2045 1198 2088 u
1208 2023 1254 2088 31-

68 2115 160 2194 bas,
175 2118 204 2180 si
218 2117 413 2197 triumphum
427 2118 649 2193 cautemuebas,
669 2139 747 2198 auae
759 2127 796 2200 te,
816 2116 937 2198 praede
952 2113 1175 2192 amentissime,
1190 2111 1256 2176 uisi

63 2204 207 2284 praedae
224 2224 261 2269 ac
275 2205 467 2284 rapinarum
490 2204 649 2284 cupiditas
665 2211 728 2267 tam
744 2224 836 2268 caeca
851 2202 1049 2284 rapiebat?
1071 2201 1202 2275 Pis.24,
1213 2200 1256 2262 57

72 2291 132 2371 (es.
141 2311 175 2371 p.
198 2292 266 2374 50).
290 2296 330 2373 cf.
354 2310 399 2354 ar.
423 2291 453 2373 I,
476 2295 527 2367 14,
551 2294 603 2354 62.
628 2291 685 2355 Ac.
695 2312 745 2371 pr.
768 2290 819 2371 11,
842 2295 897 2373 28,
920 2292 970 2352 89.
989 2286 1179 2370 parale,
1202 2287 1255 2349 27.

65 2380 145 2459 tam.
169 2377 205 2460 I,
226 2382 261 2459 9,
284 2382 314 2443 5.
345 2376 407 2454 VI,
429 2382 458 2453 1,
483 2381 512 2441 5.
549 2378 631 2442 Ture.
654 2382 703 2441 39.
738 2377 1033 2460 bae.111,7‚1e.
1071 2373 1180 2438 Ftaec.
1203 2377 1255 2454 31,

71 2467 115 2526 76
138 2466 297 2548 (iterum).
331 2467 410 2529 dam.
432 2469 485 2547 21,
508 2467 559 2530 54.
592 2470 643 2528 55.
668 2466 751 2530 Cael.
774 2469 828 2542 24,
852 2468 901 2527 59.
925 2464 994 2528 Pis.
1018 2467 1047 2542 1,
1071 2468 1102 2527 2.
1125 2465 1176 2542 33,
1200 2464 1254 2525 82.

68 2571 119 2632 ep.
141 2553 184 2615 ad
206 2552 303 2616 Brut.
317 2551 345 2628 Ι,
370 2555 421 2630 15,
443 2558 474 2614 8.
496 2552 566 2617 Huc
588 2555 752 2634 pertinere
782 2570 897 2616 censeo
914 2551 1011 2615 etium
1028 2551 1111 2614 hunc
1129 2550 1253 2614 locum:

71 2640 175 2719 Quam
190 2645 303 2717 pastea
325 2643 361 2702 tu
383 2638 441 2702 tibi
462 2639 672 2719 det'eusiaaem
694 2639 991 2720 retiaquebas,
1013 2638 1048 2700 iu
1072 2658 1107 2701 ea
1120 2635 1254 2700 riiaaime

73 2725 254 2807 offendisti,
285 2746 356 2789 cum
387 2732 472 2788 tuam
504 2729 721 2791 auctoritatem
750 2733 815 2790 tute
844 2728 913 2806 ipse
942 2724 1041 2788 edicta
1059 2721 1255 2804 prouinciali

68 2812 344 2893 repudiabas.
375 2812 460 2877 Verr.
473 2811 501 2894 I,
520 2816 572 2890 44,
595 2818 668 2891 112,
693 2832 787 2895 quem
804 2814 907 2878 locum
923 2809 1149 2890 explicavimus
1161 2830 1192 2893 p.
1202 2814 1253 2873 46.

147 2899 303 2982 Ejusdem
315 2899 442 2981 generis
453 2899 485 2963 in
500 2901 579 2965 locis
584 2922 610 2980 p
620 2922 638 2963 r
649 2922 720 2965 aua
729 2923 758 2963 m
768 2924 784 2962 e
793 2922 815 2963 u
837 2899 897 2962 ret
906 2899 993 2962 atia
1002 2919 1023 2961 u
1032 2917 1063 2961 m
1075 2901 1254 2964 sententias

72 2987 237 3068 conjungit
259 2986 368 3061 semel,
392 2988 496 3066 qued
519 2989 700 3069 conjunctio
724 2994 849 3069 quater,
874 2985 1010 3051 totidem
1032 2985 1128 3063 dum,
1154 2986 1255 3052 semel

72 3074 255 3151 etiamsi,
276 3075 421 3137 acardi
429 3081 587 3138 000101·
610 3077 790 3140 sententiae
814 3081 938 3155 quater.
979 3072 1066 3137 Hiuc
1088 3072 1255 3138 1111110011-

71 3180 129 3223 ues
158 3165 267 3239 eraut,
298 3161 352 3242 qui
383 3161 475 3223 etium
495 3162 623 3226 ridiculi
646 3163 885 3226 iueeuiebautur
908 3181 947 3225 ec
969 3161 1091 3225 datare:
1124 3181 1254 3246 quarum

72 3245 134 3311 abii
232 3247 441 3330 uepabaut
463 3248 646 3312 mirandum
670 3270 735 3313 esse
755 3251 810 3330 ius
832 3255 897 3312 tam
919 3268 1053 3328 aequam
1075 3267 1140 3312 esse
1155 3250 1255 3313 uerri-

71 3353 161 3413 uum,
183 3333 244 3398 abii
266 3354 290 3396 e.
312 3355 340 3415 a.
364 3353 389 3398 s.
427 3333 514 3398 Verr.
538 3335 567 3412 I,
591 3338 642 3412 46,
667 3341 739 3401 121.
781 3333 1064 3414 Diserepabat
1087 3335 1125 3398 ab
1147 3336 1254 3421 isdem,

72 3420 158 3503 quoa
190 3420 279 3484 uuita
309 3422 397 3485 mado
425 3422 712 3487 arbitrabatur
744 3425 911 3503 quicquam
932 3424 1014 3502 effici
1032 3441 1126 3501 pesse
1147 3423 1186 3486 ab
1209 3444 1255 3487 00.

73 3527 123 3573 00.
143 3512 226 3587 past.
250 3507 281 3585 1,
304 3511 354 3589 11,
378 3512 425 3571 39.
449 3512 487 3590 cf.
511 3510 549 3573 de
571 3529 615 3573 ar.
641 3511 669 3585 I,
692 3514 743 3591 14,
767 3515 819 3574 62.
844 3530 893 3590 ep.
916 3511 968 3574 ad.
983 3508 1080 3572 Brut.
1104 3507 1133 3584 Ι,
1158 3512 1208 3591 15,
1223 3515 1254 3576 2.

74 3597 126 3678 18,
150 3598 180 3659 3.
205 3630 246 3641 -
268 3593 356 3658 Dum
378 3596 632 3672 dubitabam,
654 3618 750 3678 quam
772 3598 924 3674 ducerem,
946 3615 1009 3659 000
1031 3596 1112 3659 30113
1124 3597 1215 3676 faci
1222 3621 1254 3661 e·

73 3682 165 3746 bam
186 3682 292 3745 matri.
315 3681 384 3746 Au.
409 3682 513 3765 XIII,
544 3687 597 3762 42,
631 3687 659 3746 1.
704 3682 793 3748 Dum
822 3684 903 3748 ittud
936 3683 1182 3766 tractabam,
1216 3686 1255 3749 de

71 3787 134 3852 000
158 3769 200 3832 ad
222 3773 251 3832 te
273 3771 495 3851 antescripsi,
519 3771 613 3852 quasi
632 3772 812 3851 favebam
835 3769 957 3834 datores
973 3789 1065 3833 areos.
1087 3770 1155 3835 Att.
1168 3770 1254 3852 XII,

72 3858 126 3938 18,
150 3859 179 3918 1.
205 3892 239 3902 ·-
266 3855 352 3934 Quae
385 3858 492 3920 amuia
526 3859 649 3921 etiamsi
680 3858 839 3922 uebuutate
860 3854 1046 3920 Dolabellae
1071 3858 1255 3941 fiebaut,

64 3964 129 4025 per
158 3943 254 4006 istum
287 3945 345 4023 (sc.
370 3943 518 4026 Verrem)
550 3951 653 4008 tamea
676 3947 781 4008 000110
801 3944 1066 4028 perebautur.
1119 3944 1253 4029 Verul,
1286 3946 1289 3954 '

70 4033 126 4109 38,
149 4032 199 4092 95.
223 4065 263 4076 -
287 4030 439 4093 Aiebat
460 4052 493 4095 se
516 4032 668 4096 tautidem
697 4034 895 4113 aestimasse,
917 4032 1029 4111 quauti
1051 4030 1254 4116 Sacerdotem,

70 4137 174 4199 ueaue
196 4117 409 4180 remetiebatur.
460 4117 548 4182 Verr.
571 4117 641 4192 III,
663 4124 716 4202 92,
737 4123 812 4184 215.
847 4119 1053 4183 Pareebat
1075 4117 1254 4182 aduersarii

69 4204 243 4288 dipaitati,
271 4204 305 4266 iu
329 4224 387 4285 qua
409 4207 684 4270 causeraabat
707 4227 808 4271 suaru.
832 4207 869 4271 de
890 4226 935 4269 ar.
958 4203 1015 4282 II,
1037 4207 1095 4287 54,
1118 4209 1193 4270 221.
1216 4207 1256 4291 ct.
1380 4239 1383 4245 ·

68 4288 302 4375 30100.
327 4290 410 4356 010.
435 4292 486 4370 11,
510 4297 561 4375 34,
588 4298 639 4358 ee.
