2924 4904
578 835 972 932 Argumentum.

184 986 358 1042 Prooemium
419 1029 1238 1048 ...................
1278 1012 1306 1064 p.
1359 1000 1373 1049 l

640 1119 741 1203 capnt
764 1119 904 1204 primum.

508 1238 552 1294 lle
570 1239 786 1295 oolncldentlae
804 1240 833 1294 vi
852 1253 888 1296 ao
905 1240 1036 1296 notione.

183 1327 216 1380 A.
235 1325 311 1394 Quae
330 1325 512 1382 Lattmannus
531 1335 558 1382 et
576 1329 727 1384 Muellerus
746 1328 779 1382 de
798 1329 982 1385 coincidentia
1000 1329 1156 1398 docuerint,
1183 1330 1239 1384 sin-

237 1398 302 1464 gula
322 1396 469 1466 diligenter
487 1399 694 1467 perpenduntur
736 1440 1099 1456 .........
1109 1442 1143 1461 ..
1183 1441 1190 1456 .
1229 1441 1235 1456 ·
1275 1419 1303 1470 p.
1355 1405 1373 1457 5

184 1488 216 1541 Β.
234 1489 293 1556 Ipsi
311 1487 376 1557 quid
395 1488 554 1556 sentiamus,
574 1488 730 1555 explicatur
782 1528 1236 1545 ...........
1281 1531 1295 1559 ,,
1340 1493 1374 1545 15

641 1614 741 1699 caput
763 1615 906 1683 alterurn.

489 1733 605 1790 Genera
624 1734 839 1790 coincidentlae
856 1735 1059 1804 explicantur.

183 1823 204 1876 l.
223 1823 316 1948 Ifdem
335 1825 409 1878 etin
428 1825 561 1892 primaria
587 1831 615 1878 et
639 1825 668 1878 in
693 1823 857 1878 secundaria
881 1826 1069 1880 enuntiatione
1092 1824 1240 1880 verbum

246 1903 372 1949 tultum
427 1935 1239 1953 ...................
1276 1915 1304 1967 p.
1337 1903 1373 1954 20

221 1987 245 2038 1.
265 1982 403 2038 Differunt
421 1983 574 2040 sententiae
593 1984 709 2053 objectis
741 2024 1240 2039 ............
1279 2026 1293 2054 ,,
1335 1988 1369 2040 21

219 2075 245 2126 2.
264 2072 402 2128 Differunt
421 2074 552 2142 subjectis
605 2115 1239 2129 ...............
1279 2115 1292 2143 ,,
1334 2078 1371 2128 24

220 2167 247 2217 3.
266 2162 405 2218 Differunt
423 2162 562 2218 adverbiis
607 2203 1240 2219 ...............
1279 2203 1293 2231 ,,
1333 2167 1369 2217 26

219 2255 245 2306 4.
264 2251 404 2306 Differunt
423 2252 578 2306 nominibus
596 2251 792 2319 praedicativis
831 2290 1293 2319 ............
1334 2253 1369 2306 29

183 2341 535 2411 ILSynonymaverba
553 2340 632 2396 finita
652 2381 1237 2398 ..............
1278 2381 1291 2408 ,,
1334 2342 1368 2394 30

224 2431 247 2482 1.
266 2428 404 2483 Differunt
422 2430 576 2484 sententiae
594 2430 710 2498 objectis
740 2470 1237 2484 ............
1278 2471 1291 2498 „
1333 2432 1369 2484 30

222 2520 247 2570 2.
267 2516 405 2571 Differunt
424 2517 556 2585 subJ'ectis
607 2557 1239 2572 ...............
1279 2558 1293 2585 ,,
1335 2521 1370 2572 32

225 2608 249 2661 3.
268 2604 407 2660 Differunt
425 2605 562 2661 adverbiis
607 2645 1241 2662 ...............
1281 2645 1295 2674 ,,
1336 2609 1370 2659 33

222 2697 248 2748 4.
267 2693 405 2748 Differunt
423 2694 577 2749 nominibus
597 2695 792 2762 praedicativis
830 2731 1241 2751 ..........
1280 2734 1294 2762 „
1335 2697 1369 2748 33

187 2782 236 2836 ΙΙΙ.
256 2782 429 2838 Faciendi
448 2783 555 2837 verbo
575 2782 739 2838 secundaria
757 2783 910 2837 enuntiatio
930 2781 1193 2850 comprehenditur.
1233 2822 1239 2835 .
1282 2822 1296 2850 ,‚
1336 2786 1371 2836 34

227 2874 250 2928 l.
269 2873 408 2940 Adjicitur
427 2873 586 2927 adverbium
607 2911 1242 2927 ...............
1281 2914 1295 2942 ,,
1337 2878 1372 2929 34

224 2966 250 3017 2.
269 2961 407 3030 Adjicitur
426 2961 562 3029 objectum
580 2961 666 3031 (velut
686 2961 827 3029 ,gratum“
849 2960 917 3029 alia)
965 2999 1241 3014 .......
1282 3003 1296 3031 ,,
1337 2967 1371 3017 37

189 3049 799 3108 IV.Verborumnullaaimilitudo
832 3088 1241 3106 ..........
1282 3091 1296 3119 ,,
1336 3053 1370 3105 'sb

226 3147 249 3197 1.
270 3139 439 3194 Secundaria
458 3141 595 3194 sententia
612 3137 727 3206 factum,
747 3138 880 3206 primaria
897 3137 1029 3207 judicium
1048 3138 1183 3192 contineri
1234 3180 1240 3194 .
1281 3180 1294 3207 „
1336 3143 1371 3194 39

261 3247 286 3285 a.
307 3229 442 3300 ,Erratis
462 3229 487 3282 si
505 3229 627 3297 putatis“
648 3235 675 3282 et
694 3229 795 3282 similia
829 3266 1240 3283 ..........
1280 3269 1294 3296 „
1336 3230 1372 3282 39

262 3322 288 3376 b.
309 3321 423 3390 ,Sumus
442 3320 591 3387 sapientes,
610 3317 682 3387 quod
701 3325 830 3372 naturam
849 3319 1003 3386 sequimur“
1024 3324 1052 3371 et
1072 3317 1198 3373 similia.
1237 3357 1243 3372 .
1284 3358 1297 3385 ,
1339 3320 1376 3372 40

266 3427 289 3465 c.
309 3410 448 3464 Primaria
461 3409 598 3463 sententia
611 3408 652 3461 vis
663 3414 746 3475 atque
761 3407 868 3473 pondus
881 3405 1020 3461 indicatur
1033 3406 1092 3460 eius
1105 3405 1155 3471 rei,
1175 3419 1247 3473 quae

310 3480 475 3536 secundaria
492 3478 553 3534 fieri
573 3478 689 3533 dicatur.
727 3478 781 3549 (De
806 3479 931 3532 oratoria
954 3477 1072 3546 quadam
1097 3475 1188 3531 forma
1207 3476 1248 3530 di-

310 3553 411 3622 cendi.)
449 3552 572 3620 Quinque
591 3552 697 3619 species
745 3587 1246 3605 ............
1287 3588 1301 3616 ,,
1341 3552 1376 3602 41

264 3643 291 3698 d.
310 3641 480 3697 Secundaria
499 3640 687 3694 enuntiatione
707 3637 839 3704 studium,
858 3637 992 3705 primaria
1011 3652 1043 3692 eo
1062 3635 1128 3704 quid
1146 3634 1248 3690 efficia·

311 3722 366 3782 tur,
386 3712 550 3781 exprimitur
606 3746 1242 3766 ...............
1284 3748 1297 3776 ,,
1341 3712 1380 3764 48

270 3819 293 3859 e.
312 3802 390 3871 Ejus,
410 3801 457 3870 qui
470 3798 633 3855 secundaria
644 3814 685 3851 en.
705 3797 797 3851 facere
811 3796 916 3865 aliquid
930 3796 1044 3864 dicatur,
1064 3797 1093 3850 in
1111 3795 1248 3864 primaria

311 3875 395 3928 animi
415 3871 539 3928 condicio
558 3871 692 3939 quaedam
710 3870 849 3924 indicatur
877 3907 1247 3922 .........
1290 3908 1304 3935 „
1347 3872 1384 3926 50

178 3944 180 3949 '
274 3963 292 4016 f.
313 3963 354 4017 ne
374 3961 543 4017 coordinatis
562 3960 706 4014 sententiis
745 3997 1249 4014 ............
1291 3998 1305 4026 „
1348 3962 1382 4014 51

88 4074 111 4117 a
149 3992 184 4107 s
248 4038 351 4119 &De
368 4051 463 4119 paucis
482 4049 560 4116 locis,
580 4049 626 4117 qui
645 4064 699 4102 nou
718 4047 880 4101 conveniant
898 4046 939 4099 illi
958 4046 1069 4114 regulae
1087 4044 1145 4116 (IV.
1167 4047 1204 4116 1.)
1244 4087 1250 4100 .
1293 4089 1307 4116 ‚,
1349 4050 1385 4104 52

91 4160 95 4179 ·
121 4110 153 4203 ,s
232 4143 257 4196 2.
276 4140 381 4194 Eadem
395 4140 518 4208 subjecta
533 4153 616 4205 saepe
630 4135 786 4191 nonverbis
800 4135 892 4202 scribi,
912 4134 960 4188 sed
980 4151 1013 4188 ex
1033 4134 1169 4190 sententia
1189 4139 1252 4190 tun·

99 4202 122 4277 β’
275 4220 332 4268 tum
351 4211 476 4279 intelligi,
495 4209 633 4264 interdum
652 4224 686 4262 ne
705 4206 822 4274 intelligi
842 4206 975 4274 quidem.
1014 4247 1020 4260 .
1061 4246 1066 4257 .
1104 4245 1111 4261 .
1149 4244 1155 4257 .
1196 4245 1202 4257 .
1245 4247 1250 4260 .
1293 4249 1306 4276 „
1350 4211 1386 4264 53

524 4298 687 4369 (Annotatio
706 4296 740 4351 de
758 4295 983 4364 definitionibus.)
