2924 4904
701 1168 821 1269 Caput
846 1169 893 1246 ΙΙ.

395 1361 559 1446 Genera
588 1363 890 1447 coincidentiae
920 1362 1195 1470 explicantur.

298 1565 536 1632 Sententiarum
558 1565 657 1644 igitur
677 1564 869 1631 relationem
892 1565 920 1630 si
944 1565 1186 1630 coincidentiam
1211 1582 1283 1630 esse
1302 1563 1379 1628 dici·

211 1673 297 1736 mus,
328 1672 390 1734 qua
419 1653 499 1718 duas
529 1653 614 1717 idem
644 1653 751 1718 valere
781 1653 961 1718 sententias
988 1654 1038 1717 vel
1060 1652 1218 1717 actionem
1242 1651 1380 1716 alteram

213 1741 317 1807 altera
340 1741 496 1806 contineri
519 1737 728 1824 significetur,
752 1740 970 1822 quaerendum
992 1740 1129 1819 videtur,
1160 1757 1240 1821 quos
1263 1739 1305 1804 ad
1328 1738 1378 1804 ci-

213 1829 337 1895 ceronis
359 1829 447 1893 locos
469 1827 549 1892 haec
571 1828 656 1892 ratio
678 1828 841 1909 pertineat
863 1846 1008 1910 quaeque
1038 1833 1071 1892 et
1101 1845 1193 1909 quam
1217 1826 1308 1892 varia
1331 1825 1379 1890 di·

212 1917 305 1982 cendi
327 1916 507 1996 generalis
531 1915 610 1980 locis
633 1915 844 1981 inveniantur.
890 1914 1083 1981 Omittamus
1117 1919 1225 1980 autern
1255 1915 1287 1978 in
1319 1914 1379 1979 hac

212 2009 304 2086 parte
328 2021 438 2067 omnes
461 2001 609 2083 obliquae
640 2003 795 2067 orationis
827 2004 931 2084 locos,
965 2021 1036 2068 cum
1067 2002 1184 2068 ceteris
1215 2020 1269 2066 res
1299 2002 1379 2066 satis

211 2092 314 2174 possit
336 2090 504 2171 illustrari,
527 2107 567 2153 ne
590 2088 688 2154 nimia
705 2090 920 2172 exemplorum
945 2091 1037 2171 copia
1059 2089 1163 2156 oratio
1186 2093 1299 2155 nostra
1320 2088 1378 2153 im-

210 2177 408 2261 pediatur*).

784 2264 809 2329 Ι.

300 2351 346 2416 Ac
369 2349 504 2432 primum
528 2350 568 2415 de
591 2351 631 2416 iis
653 2350 733 2416 loeis
756 2350 925 2416 dicendum
946 2350 1090 2430 videtur,
1125 2349 1240 2433 quibus
1263 2349 1379 2416 coinci-

216 2439 329 2504 dentes
352 2438 532 2503 sententiae
553 2437 601 2502 ita
624 2438 853 2521 exprimantur,
888 2444 925 2503 ut
946 2437 1030 2504 binis
1053 2439 1085 2503 in
1098 2436 1380 2503 *enuntiationibus

214 2525 278 2591 bis
301 2525 408 2590 idem
430 2531 569 2607 ponatur
591 2524 756 2590 verbum
778 2525 957 2608 linitum,
981 2526 1071 2607 eujus
1093 2525 1221 2606 generis
1240 2525 1379 2606 complu-

212 2631 266 2678 res
288 2615 437 2693 leguntur
459 2613 521 2678 loci
543 2612 627 2693 apud
646 2612 890 2678 Lattm-Muell.
907 2612 927 2677 l.
945 2613 965 2677 l.
982 2612 999 2696 ᾗ
1016 2618 1130 2678 109.1.
1155 2612 1208 2696 (cf.
1231 2631 1262 2693 p.
1277 2617 1294 2678 5
1308 2610 1379 2696 sq).

213 2699 277 2766 Sed
303 2699 479 2765 cavendum
499 2704 593 2780 puto,
624 2718 664 2765 nc
695 2700 852 2781 quaedam
884 2700 1136 2766 enuntiationum
1166 2719 1287 2784 genera
1319 2699 1379 2764 huc

213 2786 413 2869 referantur,
444 2805 525 2868 quae
550 2806 569 2851 a
592 2792 703 2852 nostra
726 2806 824 2853 causa
853 2792 927 2852 sunt
955 2787 1069 2853 aliena.
1114 2787 1181 2853 Nos
1204 2788 1288 2851 enim
1311 2805 1380 2850 ver·

214 2874 328 2940 nacula
350 2874 461 2958 lingua
479 2873 638 2938 interdum
652 2874 710 2939 tali
726 2875 820 2940 modo
837 2874 1010 2956 loquimur:
1035 2874 1133 2959 ,Was
1150 2874 1202 2939 ich
1217 2874 1380 2958 geschrie·

213 2960 276 3026 ben
298 2961 392 3039 habe,
416 2962 474 3026 das
496 2959 580 3026 habe
601 2961 654 3026 ich
677 2960 919 3042 geschrieben‘t
965 2964 1008 3026 At
1030 2963 1059 3028 si
1081 2961 1151 3044 quis
1172 2963 1233 3026 tali
1255 2962 1380 3026 ratione

215 3055 310 3130 putat
325 3049 541 3114 coincidentes
558 3049 736 3114 sententias
748 3049 892 3130 exprimi,
916 3066 988 3113 eum
1003 3068 1112 3115 errare
1129 3066 1253 3114 censeo.
1299 3047 1381 3113 Nam

216 3137 279 3201 etsi
301 3137 333 3200 in
355 3136 406 3201 his
429 3134 540 3200 eadem
563 3135 663 3202 verba
676 3137 771 3217 plane
786 3140 985 3217 repetuntur,
1009 3143 1117 3202 tamen
1139 3136 1287 3218 repetitis
1310 3153 1381 3201 ver-

214 3222 264 3289 bis
288 3223 415 3288 diversa
436 3220 548 3288 subest
570 3224 740 3288 sententia.
785 3223 854 3288 Hoc
878 3224 961 3288 enim
984 3222 1182 3305 significant:
1209 3223 1307 3308 ,Was
1330 3222 1382 3288 ich

214 3310 422 3392 geschrieben
444 3309 542 3393 habe,
573 3310 632 3376 dns
655 3310 733 3376 wird
756 3310 845 3375 nicht
869 3312 1029 3395 gesndert
1049 3309 1206 3376 werden“.
1252 3309 1382 3375 Minime

214 3399 312 3479 igitur
334 3403 467 3480 propter
481 3399 714 3463 sententiarum
728 3398 966 3479 congruentiam
981 3399 1066 3464 idem
1082 3399 1113 3463 in
1128 3405 1265 3479 utraque
1284 3417 1381 3463 enun-

214 3486 349 3552 tiatione
372 3485 531 3550 invenitur
553 3483 684 3551 verbum
714 3482 856 3568 finitum,
889 3486 948 3551 sed
975 3504 1167 3569 quamquam
1196 3485 1383 3566 discrepant

213 3575 403 3652 sententiae,
426 3578 535 3638 tamen
559 3573 671 3637 eadem
691 3570 789 3638 verba
812 3573 928 3639 iterum
950 3579 1112 3655 ponuntur
1126 3573 1382 3655 postulaturque,

213 3666 249 3726 ut
272 3660 348 3742 quid
370 3660 490 3726 sentiat
512 3660 540 3724 is
563 3659 617 3740 qui
639 3659 790 3742 loquitur,
815 3662 981 3742 opinamur
1002 3661 1110 3743 potius
1133 3679 1226 3743 quam
1250 3679 1289 3726 ex
1304 3660 1383 3742 ipsis

213 3747 320 3813 verbis
348 3747 581 3828 intellegamus.
647 3747 733 3828 Ergo
765 3748 796 3811 in
825 3748 945 3815 talibus
977 3746 1249 3815 enuntiationibus
1279 3765 1383 3830 neque

213 3835 445 3900 sententiarum
468 3832 681 3898 coincidentia
703 3836 905 3915 agnoscenda
930 3835 1057 3902 videtur
1078 3853 1182 3918 neque
1205 3853 1384 3920 congruen-

213 3923 259 3995 tia
282 3928 470 4004 temporum,
494 3918 552 3986 sed
574 3919 654 3983 nihil
676 3920 764 3987 aliud
787 3927 838 3987 est
860 3922 922 3988 nisi
946 3924 1119 3989 eorundem
1141 3921 1311 3988 verborum
1333 3941 1384 3988 re·

113 4063 115 4068 .
211 4009 335 4093 petitio,
359 4027 440 4091 quae
462 4006 499 4072 fit
520 4007 712 4090 praegnanti
735 4027 831 4090 quam
853 4010 962 4077 dicunt
977 4010 1117 4078 notione.
1162 4011 1267 4093 Atque
1289 4010 1384 4093 hujus

283 4217 309 4287 *)
328 4217 417 4273 Locos
437 4219 578 4274 attulimus
601 4235 635 4274 ex
654 4217 817 4276 editione
835 4221 973 4279 Baitcri
991 4223 1155 4295 Kayseri,
1182 4237 1252 4291 quae
1277 4223 1381 4292 prodiit

210 4287 323 4360 Lipsiae
342 4306 367 4347 a.
386 4290 559 4347 MDGGGLX
577 4308 635 4364 sqq.
