2924 4904
702 349 748 411 78·

136 526 222 587 tnara
243 517 434 599 conterenda
455 522 515 601 est,
547 537 610 598 qna
628 514 764 598 ptartrat
785 521 881 582 snat
910 514 1173 597 conservati,
1204 534 1302 580 crana

137 614 165 672 te
188 627 249 671 non
272 606 485 670 liberationem
507 606 635 687 cnlpae,
669 605 723 670 sed
757 604 857 669 errati
888 604 1013 668 oentora
1041 602 1305 684 tnpetroots·

136 699 239 758 seat.
273 694 344 774 Itp.
368 696 448 774 1,1.
492 690 576 756 Nam
598 693 631 756 in
655 693 759 757 altero
780 709 844 756 non
867 710 930 756 una
954 709 1025 756 cum
1049 689 1193 755 docendo
1216 707 1306 771 popu·

136 783 201 847 lum
224 786 313 845 metu
334 778 491 845 liberasse
514 778 657 844 Pericles
680 779 808 860 dicitur,
840 778 896 843 sed
919 783 1093 860 postquam
1115 776 1238 842 diutius
1260 776 1308 841 do-

138 868 240 933 cendo
263 885 393 948 operam
416 871 585 948 navasset,
619 865 748 931 tandem
779 866 932 946 populum
954 870 1043 929 metu
1065 862 1236 929 liberasse.
1277 863 1311 927 ln

72 963 75 968 '
139 956 244 1021 altero
267 960 374 1019 autem
398 957 474 1017 sant
496 952 669 1017 conservatt
698 951 874 1034 perfectum
899 969 1054 1032 praesens
1076 951 1157 1015 mihi
1178 950 1311 1032 videtur,

137 1048 173 1108 ut
195 1060 296 1123 prope
318 1041 404 1104 idem
426 1040 535 1105 valeat
557 1039 642 1122 quod
664 1039 746 1103 solat
768 1044 852 1104 snnt.
910 1038 955 1104 Ut
985 1043 1097 1103 autem
1129 1038 1213 1104 salvi
1243 1037 1313 1119 sint,

138 1148 176 1194 eo
199 1127 348 1193 effectum
371 1132 432 1206 est,
456 1125 541 1207 quod
565 1146 584 1192 a
607 1126 748 1192 Caesare
770 1127 896 1191 veniam
919 1126 1144 1205 impetrarunt.
1180 1126 1315 1189 Antece-

138 1217 186 1282 dit
207 1215 306 1298 igitur
328 1213 408 1278 haec
430 1214 544 1279 veniae
566 1214 751 1295 impetratio
775 1231 886 1278 eorum
909 1212 1016 1278 saluti.

148 1539 149 1543 ,
225 1472 545 1553 ConJunctivus
574 1471 615 1537 in
643 1478 830 1554 utraque
853 1471 1158 1539 enuntiatione
1179 1469 1318 1534 maxime

142 1560 304 1626 invenitur
326 1560 368 1622 in
392 1560 646 1624 sententiis
664 1560 1060 1635 conditionalibus,
1084 1559 1175 1639 cujus
1190 1556 1320 1638 generis

140 1653 214 1713 suut
247 1647 428 1729 sexaginta.
480 1644 602 1722 Quibus
624 1647 657 1710 in
679 1649 849 1712 sententiis
880 1645 1073 1729 conjunctivi
1096 1645 1159 1709 vim
1182 1649 1242 1710 aut
1263 1661 1321 1724 po·

141 1735 309 1800 tentialem
332 1738 388 1799 aut
411 1732 658 1799 conditionalem
684 1753 756 1800 esse
780 1739 917 1800 constat.

714 1840 743 1886 a.

85 1964 91 1973 .
226 1909 331 1988 Atque
354 1906 650 1987 potentialem
672 1908 735 1988 vim
768 1926 840 1973 cum
862 1913 895 1972 et
917 1905 1100 1989 praesentis
1123 1909 1157 1969 et
1182 1900 1325 1984 perfecti

141 1995 362 2076 conjunctivus
385 1992 506 2058 habeat
528 1995 597 2059 sine
621 1992 814 2078 discrimine,
838 2000 872 2059 et
890 1992 966 2059 bina
981 1992 1166 2076 praesentia
1189 1994 1225 2054 et
1248 1988 1326 2054 bina

140 2081 286 2163 perfecta
310 2085 343 2145 et
364 2099 519 2161 praesens
543 2099 614 2146 cum
636 2080 780 2162 perfecto
803 2086 912 2164 potest
947 2080 1103 2162 conjungi.
1149 2075 1325 2141 Nonnullis

141 2173 248 2235 autem
272 2169 305 2233 in
328 2169 417 2246 locis,
440 2185 633 2248 quamquam
655 2169 827 2249 primariae
851 2168 1089 2234 enuntiationes
1112 2169 1188 2230 sunt
1207 2161 1326 2227 finales

141 2257 192 2321 vel
212 2254 453 2333 consecutivae,
487 2260 597 2319 tamen
618 2255 837 2336 conjunctivos
860 2274 970 2320 earum
993 2255 1087 2320 simul
1109 2250 1327 2334 potentialem

141 2344 203 2408 vim
237 2342 400 2408 continere
439 2359 478 2405 ex
509 2342 772 2408 secundariarum
815 2343 1069 2408 enuntiationum
1111 2337 1329 2419 conjunctivis

141 2430 219 2495 mihi
242 2429 380 2511 intelligi
402 2427 539 2493 videtur.
586 2428 650 2493 Sed
666 2448 738 2494 cum
754 2447 982 2509 nonnunquam
999 2426 1128 2493 dubium
1152 2443 1226 2490 esse
1250 2441 1327 2505 pos·

144 2517 202 2594 sit,
238 2522 347 2582 utrum
378 2515 589 2596 potentialem
619 2517 780 2582 notionem
806 2535 847 2581 an
870 2514 1033 2596 obliquam
1056 2532 1087 2595 q.
1110 2513 1141 2578 d.
1164 2511 1330 2577 rationem

144 2605 195 2669 vel
219 2604 448 2670 attractionem
470 2603 637 2668 modorum
660 2621 731 2668 esse
748 2608 838 2668 recte
853 2621 1020 2685 ponamus,
1043 2618 1154 2666 omnes
1177 2599 1249 2679 eJ'us
1272 2614 1330 2679 ge·

147 2692 234 2758 neris
257 2690 589 2757 conditionales
612 2690 791 2755 sententias
813 2690 875 2756 huo
899 2688 1054 2772 congessi.
1114 2685 1169 2768 Ut,
1198 2686 1230 2748 61
1249 2704 1332 2765 par-

143 2779 201 2844 1111
222 2778 298 2842 66116
320 2777 443 2860 1116166,
465 2777 636 2841 trementer
654 2777 802 2858 foetas,
825 2778 855 2841 st
877 2777 977 2841 altone
994 2772 1332 2857 proeterntttas.

145 2870 204 2948 top.
227 2868 256 2943 8,
279 2868 331 2930 33.
377 2864 480 2944 Irnpte
505 2865 662 2947 factat,
695 2864 725 2928 st
756 2864 828 2928 1666
857 2883 923 2928 6666
949 2866 1075 2946 nepet.
1111 2861 1158 2925 16.
1181 2864 1252 2924 not.
1276 2856 1330 2937 ΙΙ,

144 2956 195 3035 10,
217 2956 270 3016 44.
320 2950 440 3029 Vereor,
463 2971 502 3016 ne
522 2950 774 3034 sabatropanter
793 2952 957 3031 factas,
991 2950 1021 3014 61
1048 2947 1243 3014 dtaerts.
1281 2962 1332 3011 oc.

139 3059 194 3119 pr.
227 3038 441 3121 Π,30,114.
502 3038 604 3102 Tanto
636 3038 741 3103 dolore
768 3039 914 3118 Aesopus
943 3041 988 3102 est
1018 3037 1148 3118 affectas
1171 3084 1178 3098 .
1202 3083 1209 3097 .
1235 3079 1263 3110 .,
1294 3036 1333 3096 nt

146 3124 781 3208 1116116191611661666161166616,
812 3145 906 3206 qnam
928 3126 957 3190 st
978 3123 1069 3188 tttnrn
1086 3143 1147 3203 per
1169 3126 1200 3185 te
1220 3119 1332 3184 reet-

142 3212 338 3293 pernrtt.
384 3208 590 3293 0.11.Ι,2,
614 3214 665 3275 14.
711 3211 839 3278 &rana
870 3216 930 3294 661,
962 3212 998 3275 tn
1028 3229 1087 3292 qno
1110 3206 1331 3289 1101966116-

145 3299 259 3363 statana
279 3298 626 3380 focerepossts,
656 3298 687 3361 61
710 3299 916 3377 cnrarts,
947 3303 982 3362 nt
1003 3296 1167 3362 Artarrtns
1190 3342 1197 3357 .
1221 3343 1228 3358 .
1253 3341 1260 3357 .
1282 3313 1331 3356 rae

144 3407 166 3450 a
189 3391 217 3450 16
239 3385 344 3449 aarort
366 3384 454 3448 66161.
481 3385 558 3464 sane.
583 3383 684 3465 XIII,
708 3387 760 3462 75,
777 3389 809 3450 2.
832 3422 874 3431 -
898 3383 1123 3468 (Doctrinam)
1148 3401 1201 3464 epo
1223 3381 1255 3444 61
1277 3379 1331 3444 nt

145 3471 540 3552 teneraetenerae,
572 3471 778 3535 rnenttor.
811 3471 915 3537 deor.
938 3471 968 3548 I,
991 3477 1045 3555 32,
1069 3471 1143 3534 145.
1176 3468 1254 3535 8661.
1277 3469 1330 3542 40,

149 3564 221 3625 100.
254 3563 505 3640 ora.3,10.-
531 3559 697 3623 Tormenta
720 3559 873 3639 qnaedora
904 3558 1108 3638 collaborans,
1142 3560 1179 3620 nt
1210 3556 1240 3620 st
1267 3572 1333 3618 re·

148 3647 405 3727 sponderent
427 3665 461 3708 se
492 3646 683 3726 trapnnttate
700 3645 864 3726 propostto
883 3648 1027 3727 tartaros
1060 3644 1141 3727 qnod
1176 3640 1329 3724 enpedtat,

144 3735 341 3815 facinorosos
363 3751 396 3795 se
417 3751 482 3796 esse
502 3733 742 3814 fateantur,
771 3732 801 3796 61
823 3753 869 3797 ne
874 3740 983 3816 pent,
1014 3733 1120 3798 ornata
1144 3731 1256 3812 tnrpta
1272 3747 1331 3808 per

147 3841 181 3886 66
202 3821 275 3901 tpsa
294 3819 449 3901 fnptenta
473 3837 537 3883 esse
559 3821 792 3885 concedant.
821 3820 871 3901 off.
894 3819 965 3901 ΙΙΙ,
986 3822 1016 3901 9,
1039 3823 1091 3885 39.
1115 3819 1164 3882 16.
1188 3823 1254 3883 nat.
1279 3813 1329 3890 ΙΙ,

148 3911 199 3985 33,
221 3911 274 3973 80.
304 3908 364 3987 fot.
388 3908 443 3987 14,
466 3909 521 3970 32.
554 3911 607 3983 12,
630 3910 684 3972 28.
720 3908 778 3988 pta.
803 3906 853 3985 II,
876 3911 933 3989 19,
955 3910 1005 3971 00.
1058 3905 1208 3971 Dolorem
1240 3920 1329 3982 saepe

143 3995 378 4075 perpettnntnr,
408 4012 465 4074 ne,
498 3993 866 4075 611016616616111,
902 3994 1097 4060 tnetdunt
1119 3993 1155 4057 tn
1176 3992 1329 4074 mojorem.

145 4082 203 4162 fin.
215 4081 244 4165 I,
268 4085 319 4164 14,
334 4084 386 4143 48.
410 4080 463 4161 off.
485 4078 515 4160 Ι,
538 4082 593 4159 25,
615 4083 668 4145 88.
691 4080 719 4158 Ι,
741 4084 790 4162 10,
812 4084 865 4145 32.
900 4080 937 4146 81
960 4132 967 4148 .
991 4130 997 4144 .
1021 4130 1027 4146 .
1051 4099 1180 4145 consen
1201 4077 1327 4142 relta-

146 4188 257 4249 qnas,
279 4167 400 4232 ntbttae
420 4168 563 4232 noceas?
595 4168 632 4233 06
655 4186 699 4231 or.
724 4167 768 4246 ΙΙ,
792 4169 843 4244 75,
865 4169 936 4232 305.
980 4166 1017 4234 81
1039 4167 1115 4249 patet
1131 4161 1328 4247 posnerts

147 4260 204 4319 ant
225 4261 332 4336 aperte
351 4255 472 4336 falsane
495 4261 552 4321 ant
575 4304 581 4318 .
605 4304 612 4318 .
635 4301 663 4335 .,
698 4254 820 4320 atbttne
841 4256 1021 4319 noceas?
1053 4255 1094 4320 a.
1118 4255 1161 4334 11,
1184 4259 1236 4340 75,
1258 4257 1324 4320 300.
