2924 4904
727 323 770 386 st

154 498 206 564 vel
230 496 271 562 ad
292 493 416 579 perfect
417 515 469 562 um
492 494 537 582 (p
564 499 615 560 64
640 498 692 559 76.
717 498 768 559 82
781 494 815 578 7)
846 493 898 559 761
921 493 963 559 771
985 488 1323 578 plusquamperfectum
1377 494 1380 523 ¹

157 584 199 670 (p.
232 585 286 668 64)
320 590 377 650 aut
407 581 758 667 plusquamperfectum
792 582 834 647 ad
865 600 923 663 per
924 580 990 647 ftec
990 600 1043 647 um
1077 583 1122 664 (p.
1147 578 1244 661 7717)
1279 581 1325 643 777

154 673 333 755 perfectum
358 672 400 737 od
422 669 772 753 plusquamperfectum
794 666 840 754 (p.
865 669 920 750 64)
944 674 1001 734 777
1022 668 1055 734 77
1058 674 1168 734 turum
1190 669 1328 733 exactum

155 759 198 824 ad
228 759 364 840 simplex
393 760 437 842 (p.
463 762 518 838 66)
548 757 729 835 761677767;
769 755 897 821 sed't
848 775 882 821 rn
883 755 986 838 telligi
1014 754 1114 822 debet
1100 756 1168 821 tin
1191 754 1243 819 his
1266 769 1328 817 cum

155 866 262 913 rerum
285 851 391 911 tumt
392 863 557 927 emporum
580 848 755 944 congruent
755 843 797 908 ia
844 843 993 908 Omniat
980 849 1127 925 tempora
1151 860 1223 908 cum
1245 856 1330 906 usur·

153 935 235 1015 pari,
259 932 450 1012 videremus,
473 931 663 1012 saepissime
682 936 792 995 tamen
807 948 961 1011 praesens
978 938 1011 995 67
1025 929 1217 1011 perfectum,
1240 943 1331 1007 saepe

153 1019 297 1086 futurum
319 1025 414 1085 exact
415 1039 483 1102 um,
517 1019 634 1084 deinde
657 1017 707 1083 fut
693 1025 800 1084 turum
823 1022 856 1082 et
878 1017 1117 1101 imperfectum,
1150 1034 1228 1082 raro
1251 1014 1332 1096 plus·

153 1105 374 1189 quamperfect
376 1127 428 1174 um
461 1105 713 1172 inveniebamus.
759 1104 808 1169 Ad
840 1105 953 1170 modos
980 1123 1057 1170 7676
1089 1102 1282 1171 coincident
1274 1117 1332 1166 ram

149 1195 387 1261 sententiarum
410 1199 547 1276 apparet
569 1193 650 1259 nihil
671 1211 731 1274 per
732 1192 846 1258 tinere.

239 1454 454 1519 Transeamus
485 1452 527 1517 ad
551 1470 607 1517 eas
639 1453 836 1531 sententias,
871 1471 1006 1533 quarum
1027 1451 1061 1516 in
1083 1450 1250 1533 primariis
1272 1449 1337 1515 sint

151 1541 367 1605 infinitivi
396 1559 415 1604 a
450 1538 556 1604 verbis
590 1539 875 1605 auxiliaribus
906 1540 1093 1620 pendentes.
1151 1537 1336 1615 Quaeritur,

151 1647 225 1694 num
249 1632 375 1693 mutata
398 1628 441 1691 sit
463 1633 642 1707 temporum
666 1626 760 1691 ratio.
798 1626 880 1691 Nam
904 1629 937 1691 in
959 1627 1069 1693 multis
1085 1626 1165 1690 locis
1188 1625 1261 1705 ejus
1283 1641 1349 1706 ges

151 1717 238 1780 neris
255 1733 294 1780 ea
310 1715 395 1779 inter
417 1712 510 1778 binas
534 1714 678 1777 actiones
693 1712 867 1778 intercedit
882 1715 978 1792 ratio,
1002 1733 1084 1795 quae
1107 1713 1141 1776 in
1163 1711 1225 1776 hoc
1249 1712 1338 1775 loco:

150 1802 193 1865 Id
215 1804 330 1884 796666,
353 1800 434 1882 977677
452 1801 574 1880 76677,
595 1800 739 1879 potnit
761 1801 944 1883 7777967776
964 1804 1116 1882 fecere.
1137 1800 1217 1879 766.
1243 1796 1340 1881 XIV,

152 1892 202 1953 16.
250 1889 318 1965 Quo
340 1888 373 1951 in
390 1889 461 1952 1666
476 1886 616 1952 77676767
633 1887 761 1968 quidem
777 1889 808 1950 in
825 1893 962 1969 utraque
979 1887 1199 1953 enuntiatione
1223 1885 1340 1950 eadem

152 1980 203 2039 est
226 1978 320 2054 76776,
344 1993 447 2055 76976
462 1993 538 2038 7676
560 1992 683 2054 posse
707 1973 815 2039 facere
839 1977 986 2055 congruit
1002 1994 1074 2040 cum
1088 1975 1160 2054 ipso
1175 1972 1339 2038 faciendo.

151 2063 302 2127 Attamen
326 2062 359 2124 in
382 2059 528 2125 omnibus
545 2060 613 2125 fere
638 2060 717 2124 16677
739 2063 808 2142 6767
823 2062 909 2126 modi
933 2063 1088 2127 auxiliare
1108 2059 1245 2126 verbum
1268 2078 1342 2124 cum

148 2147 305 2214 infinitivo
330 2166 387 2213 suo
418 2153 485 2212 tam
518 2152 588 2212 arte
618 2148 747 2212 videtur
779 2149 971 2228 cohaerere,
1007 2156 1044 2213 ut
1077 2149 1110 2212 in
1143 2146 1342 2212 secundaria

149 2236 369 2302 enuntiatione
392 2235 426 2299 id
455 2241 580 2315 tempus
612 2235 811 2317 inveniatur,
842 2236 926 2317 quod
957 2235 1056 2300 habet
1085 2235 1244 2300 auxiliare
1267 2252 1341 2298 ver-

150 2321 226 2389 bum
258 2323 391 2388 finitum.
438 2322 655 2402 Reperiuntur
682 2320 781 2385 verba
808 2342 920 2405 posse,
955 2323 1074 2405 667676,
1106 2341 1230 2385 necesse
1263 2340 1342 2403 6666,

150 2410 267 2489 debere,
291 2411 374 2476 76776.
418 2411 528 2473 Etiam
557 2408 618 2473 1766
650 2408 816 2473 admoneri
846 2410 924 2475 utile
947 2409 1093 2490 videtur,
1127 2410 1159 2472 in
1183 2408 1235 2472 his
1260 2409 1341 2473 16676

149 2499 285 2562 maxime
309 2498 512 2579 perspicuum
536 2513 608 2560 esse
631 2496 785 2576 primaria
815 2497 1035 2561 enuntiatione
1054 2495 1211 2577 jndicium
1236 2495 1341 2560 conti·

148 2585 235 2665 neri,
270 2585 462 2649 secundaria
496 2583 633 2658 factum,
668 2583 856 2663 primariam
881 2584 1079 2665 praedicati,
1110 2582 1342 2649 secundariam

149 2669 287 2752 subjecti
311 2672 373 2734 vim
397 2677 471 2734 cont
457 2670 571 2734 777.676
618 2668 746 2744 Quare
777 2669 871 2750 longe
904 2670 1056 2736 differunt
1078 2669 1182 2735 ab1is
1205 2676 1341 2735 senten-

148 2757 215 2836 tiis,
240 2775 375 2838 quarum
397 2756 429 2819 in
453 2756 653 2821 secundariis
676 2756 741 2820 sint
727 2756 861 2822 tverba
884 2758 1107 2823 auxiliariac
1077 2756 1130 2842 (cf.
1155 2776 1186 2838 p.
1205 2757 1340 2857 8699..)

232 2843 305 2909 Non
329 2847 401 2924 7767
411 2847 472 2905 667
501 2842 755 2922 6666667766,
787 2864 842 2925 967
859 2865 1029 2924 pecuniam
1051 2843 1248 2926 6697797
1272 2846 1340 2908 766.

148 2929 177 3012 Ι,
200 2934 253 3013 48,
276 2936 325 2996 96
379 2929 463 3008 Quid
491 2931 551 2992 67.
576 2936 793 3010 ..incipere
773 2935 871 3006 6,766
905 2932 1133 3013 7966676766,
1165 2932 1340 3011 infamiam

147 3017 265 3082 77667
322 3021 520 3097 7.,67667
542 3037 625 3079 667
602 3017 715 3080 timens
737 3019 1016 3116 esseqoispoom
1037 3017 1206 3081 beatos?t
1192 3022 1274 3082 7,7766
1303 3019 1338 3098 V,

148 3106 231 3180 615
255 3103 274 3184 7
273 3105 310 3184 67
322 3065 389 3182 Qoi
405 3102 485 3166 677767
474 3103 596 3165 7766777
583 3107 708 3182 7776666
728 3122 761 3166 66
782 3105 929 3168 6766776
949 3124 1024 3187 6666,
1046 3105 1154 3169 beatus
1176 3123 1242 3168 766
1265 3107 1337 3172 eric.

40 3196 42 3199 ’
144 3190 201 3270 fin.
224 3189 275 3269 11,
298 3193 354 3271 27,
376 3191 448 3271 87).
495 3188 557 3269 Qui
578 3190 670 3252 rebus
691 3189 742 3253 776
761 3192 848 3270 7766
848 3211 887 3255 66
917 3193 1115 3273 aegritudine
1146 3189 1272 3255 elidit
1259 3197 1337 3274 767,

141 3281 277 3356 potest
300 3282 513 3340 7667666666
539 3295 603 3339 666
624 3276 852 3341 miserrimos?
885 3284 959 3342 7666.
987 3278 1020 3354 V,
1045 3282 1143 3356 6,16
1176 3277 1234 3359 (67.
1257 3299 1286 3359 9.
1310 3299 1337 3344 s.

145 3362 176 3426 ib
179 3365 213 3445 )
257 3363 348 3427 Nihil
369 3363 531 3427 7767766776
553 3382 638 3427 6666
654 3368 724 3442 po
733 3365 906 3446 estquod
923 3365 1200 3448 76777766666
1226 3364 1334 3447 6771,

147 3454 195 3529 19,
212 3454 264 3516 62
305 3449 412 3532 Neque
434 3469 506 3514 7676
529 3450 671 3530 967666
693 3451 808 3514 eisdem
829 3451 923 3516 76776
944 3457 1131 3516 6676767
1153 3456 1334 3532 6677776966

144 3543 333 3601 66766677
341 3542 455 3619 7,766
474 3537 561 3618 sidus
583 3541 676 3600 66
660 3537 862 3602 617776
805 3543 909 3618 9666
931 3558 1004 3603 6666.
1030 3559 1089 3602 66
1108 3541 1159 3618 18
1174 3541 1225 3603 65
1272 3537 1333 3605 Ubi

138 3629 209 3705 9776
197 3624 269 3687 7776
291 3645 367 3688 6676
388 3644 453 3688 666
475 3629 551 3702 667
583 3643 640 3687 7766
666 3625 877 3705 7767767667
900 3645 997 3689 6666.
1019 3646 1085 3706 rep
1109 3586 1183 3689 11²1.
1214 3627 1330 3708 77696.

144 3711 229 3791 Α779.
247 3711 276 3774 d.
295 3732 318 3775 6.
337 3711 367 3775 d.
386 3709 488 3786 XIX,
502 3714 554 3773 21.
599 3710 686 3791 Quod
708 3713 886 3793 66766777
907 3713 1033 3795 inuste,
1056 3733 1113 3777 666
1131 3711 1331 3794 putrefieri

70 3812 72 3816 “
137 3803 285 3876 potest.
330 3797 369 3861 ib.
394 3796 451 3876 (cf.
477 3815 559 3877 quae
581 3798 794 3863 antecedunt:
817 3800 897 3880 9766
919 3800 1002 3863 enim
1017 3801 1106 3881 jaste
1125 3798 1172 3881 777,
1189 3801 1329 3881 profecto

136 3883 212 3964 77776
231 3885 297 3965 fit).
343 3884 413 3965 Ε96
437 3883 517 3964 qood
546 3885 666 3948 77777776
696 3906 733 3949 66
762 3887 942 3950 6666666776
960 3887 1104 3966 76676,
1145 3905 1243 3967 neque
1272 3886 1327 3950 6776

141 3990 239 4051 66966
261 3971 425 4052 7777967767
445 3972 583 4052 766676
599 3991 775 4051 possum.
799 3972 891 4036 Rosa.
915 3974 988 4037 Α6.
1011 3976 1152 4052 47173.
1198 3971 1327 4038 0677667-

142 4057 229 4121 diam
252 4059 366 4121 676766
387 4058 442 4138 967
463 4057 620 4121 intere
646 4063 805 4140 potest,
835 4058 957 4123 767766
980 4080 1048 4123 coin
1071 4058 1194 4122 776667
1217 4059 1324 4123 677776-

141 4145 229 4208 7662
259 4144 346 4209 Pati.
370 4142 430 4217 IV,
454 4150 484 4222 6,
508 4148 559 4208 14.
613 4143 725 4206 Elinoi
755 4165 823 4209 666
856 4151 975 4229 76967
1004 4146 1142 4229 6779776,
1171 4152 1323 4210 6667766-

140 4230 216 4297 citer
239 4281 245 4295 .
270 4279 277 4295 .
301 4279 308 4296 .
330 4230 436 4296 66767
464 4230 743 4297 667766767177.
771 4231 825 4316 VI,
841 4236 869 4313 1,
884 4236 913 4299 7.
948 4233 1068 4319 Solet,
1092 4252 1163 4298 6776
1185 4253 1219 4299 66
1233 4251 1321 4315 967-
