2924 4904
771 357 812 417 38

203 522 258 588 ille
279 521 471 588 intellexerit
492 542 539 603 se,
568 524 650 606 qnod
668 543 728 606 pro
750 524 854 590 salnte
882 544 951 589 mea
972 524 1074 589 nrnlla
1092 527 1238 606 perienla
1260 528 1381 609 adierit,

197 630 261 690 nro
290 615 346 674 tna
378 631 451 692 erqo
481 631 529 675 me
554 612 765 677 benevolentia
792 618 921 695 aratam
951 613 1046 676 etiam
1069 612 1126 677 tibi
1144 615 1264 693 fecisse.
1305 618 1380 698 fam.

204 694 311 780 XIII,
335 702 433 774 66,2
466 698 499 781 (i.
525 717 552 764 e.
576 706 766 784 pergratum
795 700 873 763 mihi
900 699 1034 780 feceris,
1068 701 1096 764 si
1118 701 1175 787 ille
1197 708 1231 766 te
1253 709 1379 785 gratum

201 785 404 868 cognoverit,
437 785 455 848 i.
480 803 507 850 e.
538 785 638 851 situ
666 786 754 852 illum
786 786 973 868 adjuveris).
1020 785 1068 851 Cf.
1093 785 1281 870 Peroratnm
1304 792 1381 855 milri

196 871 328 955 seceris,
357 875 386 935 si
409 871 534 936 dederis
555 892 701 954 operam,
731 879 767 937 nt
789 875 818 937 is
840 873 998 955 intelliqal
1025 893 1111 938 meas
1141 877 1228 955 amad
1250 881 1279 941 te
1301 878 1381 942 litte-

198 977 255 1022 ras
276 958 451 1023 maximnm
463 959 592 1039 pondos
613 960 766 1025 babnisse.
808 962 887 1041 fam
912 959 998 1041 XII,
1021 963 1075 1025 27.

286 1045 407 1111 Fecisti
436 1046 513 1110 milri
542 1052 747 1130 peraratum,
777 1049 881 1129 qnod
911 1047 1095 1126 Serapionis
1125 1046 1243 1114 librnm
1269 1051 1313 1116 ad
1334 1072 1381 1117 me

197 1131 324 1196 misisti.
366 1131 434 1196 All.
457 1132 507 1215 II,
532 1138 563 1212 4,
587 1139 608 1198 1
631 1134 687 1216 (ef.
710 1134 750 1198 ib.
779 1133 835 1214 VI,
858 1139 886 1212 1,
908 1139 966 1199 22.
1002 1133 1096 1212 XIV,
1119 1140 1170 1212 16,
1194 1138 1244 1220 4).
1292 1138 1380 1218 Qnod

199 1217 371 1284 Lentnlnm
401 1240 501 1284 menm
532 1220 660 1286 volnisli
688 1221 738 1286 bio
760 1240 936 1299 remanere,
969 1220 1101 1286 Caesari
1121 1227 1248 1304 aratam
1266 1226 1381 1306 fecisti.

197 1303 267 1369 All.
285 1306 382 1389 VIII,
394 1309 436 1372 15
446 1305 527 1390 Α,2
550 1307 608 1390 (of.
631 1309 708 1389 fam.
725 1307 821 1390 XIV,
835 1310 885 1392 8).
913 1346 956 1357 -
987 1308 1075 1371 Milli
1094 1309 1314 1390 oratissr'mmn
1333 1315 1380 1394 fe-

197 1393 287 1474 oisti,
321 1413 408 1458 enm
428 1415 526 1459 earm.
551 1445 558 1460 .
581 1440 588 1456 .
611 1395 702 1460 nobis
724 1395 858 1460 amionm
879 1415 974 1486 qnam
994 1415 1119 1459 seronm
1141 1416 1206 1461 esse
1228 1399 1380 1465 molnisti.

196 1480 274 1560 farn.
290 1480 385 1558 XIV,
399 1485 493 1555 16,1.
539 1481 784 1567 (Sesqnimodii)
811 1531 818 1547 .
841 1528 849 1544 .
876 1532 882 1546 .
906 1501 983 1564 onos
1005 1487 1040 1545 tn
1061 1502 1130 1546 enm
1153 1483 1196 1546 ad
1214 1505 1380 1551 mensnrae

197 1572 263 1631 tam
293 1568 440 1650 emonam
469 1568 627 1633 rationem
650 1568 768 1651 pannio
792 1568 933 1632 Romano
962 1569 996 1632 in
1021 1570 1130 1649 capita
1150 1571 1380 1657 descripsisses,

196 1655 414 1736 molissimum
438 1655 583 1721 omnibns
601 1657 713 1737 fecisti.
764 1655 850 1720 Verr.
873 1655 944 1733 III,
967 1659 1022 1734 92,
1037 1658 1113 1721 215.
1158 1655 1259 1722 Dnm
1280 1661 1379 1726 oolnit

198 1740 278 1805 alios
302 1742 413 1807 babere
428 1748 561 1823 parata,
583 1745 664 1808 nnde
679 1747 845 1822 snmerent,
869 1793 875 1806 .
901 1793 907 1806 .
931 1790 939 1806 .
962 1743 1079 1824 ineptis
1094 1749 1223 1826 aratam
1242 1748 1379 1828 fortasse

196 1828 282 1908 feeit.
327 1830 425 1894 Brnt.
449 1832 500 1908 75,
523 1835 602 1895 262.
771 1916 792 1983 b

284 2003 387 2070 Multo
410 2004 515 2070 minus
537 2005 632 2070 multi
655 2009 730 2070 sunt
752 2005 774 2069 ii
797 2004 878 2086 loti,
908 2006 940 2069 in
964 2002 1078 2087 quibus
1102 2006 1216 2073 aliud
1239 2006 1379 2091 objet-

195 2094 280 2155 tum
311 2091 486 2172 primariae
517 2092 730 2157 enuntiationi
765 2091 910 2157 additum
949 2091 1165 2158 differentiam
1200 2098 1378 2162 sententia·

194 2195 267 2242 rum
289 2177 427 2257 indicet,
459 2183 557 2260 atque
586 2178 701 2244 horum
723 2178 756 2242 in
778 2178 943 2261 plerisque
971 2185 1120 2244 neutrum
1150 2181 1280 2262 aliquod
1304 2203 1376 2265 pro-

194 2263 370 2348 nominale,
394 2265 482 2331 velut
503 2265 631 2344 nihil,
656 2265 774 2347 quid,
797 2266 922 2344 idem,
946 2266 1073 2331 aliud
1095 2267 1267 2334 invenitur.
1313 2270 1376 2336 Ne-

195 2369 255 2432 que
279 2371 355 2416 vero
379 2353 482 2418 salum
504 2353 551 2430 si,
581 2354 675 2434 arrad,
706 2372 775 2417 enm
806 2353 847 2417 ad
875 2352 1117 2437 conjungendas
1140 2357 1378 2422 enuntiationes

194 2436 399 2517 adhibentur,
423 2440 481 2505 sed
502 2439 599 2504 etiam
618 2440 807 2520 pronomina
828 2438 982 2520 relativa,
1004 2446 1056 2504 ter
1072 2442 1171 2506 etiam
1187 2445 1377 2510 coordinan-

192 2531 247 2589 tur
268 2525 470 2591 sententiae:
502 2525 550 2592 Si
579 2531 610 2590 te
642 2526 845 2591 interioribus
873 2526 989 2590 vicinis
1021 2527 1085 2590 tnis
1107 2576 1114 2590 .
1139 2576 1146 2592 .
1170 2577 1177 2592 .
1200 2532 1376 2612 anteponis,

191 2611 284 2676 valde
306 2633 489 2696 mannam
509 2613 603 2694 fatis.
651 2614 685 2694 Q.
701 2616 744 2695 fr.
760 2613 789 2688 I,
803 2619 836 2696 2,
852 2617 881 2676 7.
925 2612 994 2678 Nos
1015 2634 1162 2696 mannam
1182 2616 1376 2698 fecissemus,

192 2699 369 2779 siqnidem
385 2701 609 2782 potnissemns,
633 2720 692 2782 aero
716 2700 941 2778 contendimus,
957 2702 1135 2781 pervenire.
1180 2723 1224 2767 or.
1241 2709 1377 2784 30‚105‚

194 2784 293 2850 Foris
316 2788 361 2850 in
363 2788 462 2869 jari
469 2808 544 2871 am,
569 2787 777 2871 Cbrnsonone,
799 2789 829 2852 si
851 2788 1000 2868 mojorem
1022 2807 1110 2868 spem
1125 2790 1291 2871 aniantionis
1307 2798 1387 2858 taae

194 2873 229 2936 in
261 2872 358 2956 bnjrrs
391 2874 484 2939 exilio
510 2874 612 2955 ponis
645 2895 740 2957 qnam
766 2926 772 2939 .
798 2924 834 2939 ..
881 2874 1241 2958 Rose.Am.50,146.
1289 2879 1375 2960 Qnae

191 2960 298 3023 omnia
320 2962 350 3025 si
374 3010 381 3026 .
407 3010 413 3024 .
437 3008 446 3026 .
467 2962 504 3025 in
520 2968 694 3042 patronam
716 2982 810 3026 snam
825 2960 956 3025 voluerit
970 2964 1119 3044 conferre,
1141 2963 1252 3029 nibil
1273 2969 1377 3050 eqeril.

193 3047 404 3125 6545136.
448 3048 486 3112 Ν
489 3048 567 3112 ilril
589 3048 713 3114 alind
741 3051 899 3130 fererant,
928 3049 995 3112 nisi
1016 3069 1081 3114 rem
1103 3049 1292 3117 detnlernnt.
1338 3053 1376 3118 ib.

196 3136 248 3212 37,
271 3139 345 3199 108.
390 3133 495 3214 Quid
516 3141 582 3200 tam
604 3137 746 3217 aqimus,
774 3135 841 3198 nisi
863 3135 1006 3199 animam
1036 3137 1078 3200 ad
1099 3156 1134 3200 se
1154 3137 1261 3216 ipsam
1281 3141 1376 3205 adro·

195 3223 331 3286 eomas?
376 3227 451 3287 tnso.
474 3222 503 3302 I,
526 3228 578 3306 31,
601 3226 652 3289 75.
697 3221 735 3286 st
766 3221 910 3285 restitero
944 3227 973 3285 et
1003 3223 1103 3302 fremit
1133 3225 1222 3289 nobis
1251 3228 1288 3291 in
1318 3227 1376 3293 boo

196 3306 255 3388 (se.
274 3307 440 3392 Caesaris)
456 3314 553 3391 parte
575 3308 662 3374 boans
685 3308 724 3390 (i.
744 3327 768 3372 e.
789 3313 819 3371 et
840 3307 974 3373 babnero
996 3309 1123 3394 loanni),
1146 3311 1244 3376 idem
1263 3315 1376 3398 fecero,

194 3395 275 3475 qnod
296 3395 333 3459 in
350 3395 474 3461 Cinnae
495 3396 708 3462 dominatione
722 3394 761 3459 L.
775 3394 946 3476 Philippos
968 3415 992 3459 e.
1005 3416 1033 3476 q.
1043 3415 1068 3461 s.
1111 3397 1181 3462 Att.
1195 3398 1292 3481 VIII,
1304 3406 1334 3486 3,
1347 3408 1376 3468 6.

112 3519 122 3524 ..
196 3517 237 3527 -
260 3480 440 3547 Nibilne
461 3489 508 3548 est
528 3484 758 3565 ioilnraetnm,
780 3482 890 3563 qnod
910 3482 1223 3565 inrestioatasnnt?
1266 3508 1377 3570 aapr.

195 3565 245 3652 ΙΙ,
267 3572 362 3642 6,16.
385 3606 426 3616 -
450 3569 555 3649 Qnid
577 3568 702 3633 alind
722 3568 778 3633 isli
797 3569 941 3649 faeinnt,
964 3590 1047 3634 anm
1068 3574 1097 3634 te
1118 3572 1181 3636 soli
1202 3592 1240 3638 en
1263 3575 1376 3640 Sieilm

196 3654 348 3730 landant,
379 3655 445 3720 nisi
475 3657 650 3730 testimonio
676 3655 768 3720 nobis
789 3658 897 3723 sant?
946 3656 1033 3720 Verr.
1061 3655 1096 3734 V,
1117 3663 1176 3741 22,
1199 3662 1251 3726 58.
1297 3662 1374 3728 Omn

194 3763 262 3806 rem
278 3741 440 3822 pnblioom
454 3742 583 3808 oonsilio
598 3748 627 3808 et
641 3743 826 3808 anctoritate
838 3743 1053 3826 defendebant,
1074 3745 1191 3810 nibil
1212 3749 1373 3832 ooebanl?

196 3849 262 3894 sen.
285 3832 387 3913 6,15.
439 3829 499 3895 Vos
521 3834 625 3894 antem
647 3829 758 3894 nibil
780 3830 885 3912 anilis,
908 3850 979 3893 anm
1000 3830 1059 3894 illa
1079 3832 1168 3912 falsa
1192 3883 1199 3899 .
1223 3881 1231 3898 .
1255 3883 1261 3897 .
1284 3837 1373 3916 resel-

96 3927 98 3929 ·
198 3916 273 3981 litis.
319 3936 365 3981 aa.
381 3938 435 3998 pr.
460 3913 511 3997 II,
534 3921 590 3994 28,
614 3921 665 3983 96.
704 3953 748 3964 -
791 3915 870 3996 Qni
897 3916 998 3981 oolnit
1027 3917 1190 3984 snbnenire
1219 3924 1375 3988 erroribus

199 4004 360 4086 Emmrns
385 4055 391 4069 .
416 4053 423 4068 .
449 4053 473 4082 .,
496 4004 609 4068 nibil
628 4004 712 4085 feeit.
757 4003 796 4066 ib.
818 4008 877 4084 14,
900 4005 951 4068 45.
996 4003 1040 4068 16
1062 4025 1123 4086 qno
1144 4006 1304 4074 rebemens
1323 4010 1374 4090 fen

200 4091 362 4170 nobiscnm,
385 4091 496 4157 nibil
514 4092 576 4173 feei
598 4091 663 4157 nisi
685 4095 817 4154 coactns.
863 4089 941 4156 Snll.
962 4095 1012 4169 31,
1027 4094 1080 4156 87.
1105 4128 1143 4139 -
1168 4093 1278 4160 Idem
1297 4096 1373 4178 tacit

200 4179 236 4242 in
256 4184 376 4262 ,rrotnra
400 4180 545 4244 deornm:
572 4228 577 4241 .
602 4227 607 4240 .
632 4228 639 4242 .
662 4181 755 4259 neoot
777 4195 844 4240 esse
870 4197 982 4258 eorpns
1010 4179 1146 4242 deornm.
1191 4182 1235 4245 de.
1259 4191 1324 4247 nat.
1347 4181 1373 4259 I,

200 4267 254 4343 25,
268 4270 318 4330 71.
365 4265 474 4345 Qniol
493 4267 582 4348 soei?
606 4316 612 4330 .
636 4315 643 4331 .
667 4315 673 4331 .
697 4283 760 4328 non
782 4263 943 4346 ooonllaoi,
965 4285 1029 4329 non
1051 4267 1192 4332 eontinni
1215 4270 1301 4335 domi
