2924 4912
711 371 752 431 70

219 623 532 691 Indicativum
522 644 555 688 33
578 589 779 692 secundariis
802 624 1087 706 enuntiationibus,
1111 643 1184 691 cum
1205 624 1239 688 in
1256 624 1322 705 pri·

133 710 244 778 mariis
278 712 323 776 sit
357 713 678 794 conJunctivus,
713 713 819 779 inveni
852 715 885 778 in
918 713 998 779 locis
1032 711 1148 814 viginti
1179 717 1318 794 septem

134 797 312 864 Primarias
335 802 444 864 autem
466 817 595 880 semper
618 819 675 866 eas
698 800 780 879 dico,
804 800 846 867 ad
870 819 950 883 quas
972 806 1047 882 pert
1033 800 1137 865 tinent
1159 797 1318 865 secunda-

135 887 220 968 riae,
252 885 353 951 3333
344 905 436 967 1psae
457 887 619 968 pendeant
651 907 690 952 ex
712 888 795 953 33333.
840 887 904 953 Sed
927 887 970 969 dij
974 886 1167 953 udicandum
1190 904 1320 968 censeo,

125 974 240 1056 ,qualis
262 972 337 1039 sit
328 991 357 1039 rs
380 973 600 1055 conjunctivus
621 975 795 1057 primariae
820 976 972 1057 qu'usque
995 973 1133 1040 sentent'
1125 991 1187 1038 333.

222 1233 328 1315 Atque
351 1233 384 1298 in
407 1233 486 1301 locis
510 1235 678 1302 duodecim
701 1237 874 1317 primariae
890 1235 1073 1303 sententiae
1089 1239 1146 1301 aut
1161 1234 1175 1300 3
1181 1233 1321 1299 inales

136 1327 193 1390 aut
227 1321 538 1388 consecutivae
572 1327 656 1389 sunt.
711 1323 929 1390 Secundariae
961 1324 1001 1388 iia
1035 1322 1254 1404 adjunguntur
1288 1322 1320 1385 in

136 1409 216 1476 locis
260 1412 413 1489 quattuor
444 1410 605 1489 particula
639 1411 742 1494 dara,
779 1430 874 1492 quam
909 1428 1116 1494 praesens
1152 1407 1321 1474 indicativi

136 1497 300 1578 sequitur,
335 1513 405 1560 cum
429 1495 461 1559 in
483 1496 645 1578 primariis
668 1496 712 1562 sit
734 1498 878 1580 eJusdem
908 1497 1064 1580 temporis
1087 1495 1320 1578 conjunctivus.

135 1584 201 1665 Ne,
235 1583 323 1646 33333
339 1582 514 1662 paruulum
535 1584 589 1648 3333
619 1585 922 1666 consequimur,
947 1636 954 1650 .
980 1634 987 1648 .
1013 1635 1020 1651 .
1042 1583 1125 1649 3333333
1147 1582 1322 1646 amittu-

135 1690 233 1749 rrius,
249 1669 335 1821 33333
357 1670 607 1736 3333333333.
631 1671 695 1739 333.
718 1671 769 1756 ΙΙ,
792 1676 821 1751 3,
844 1677 892 1737 10.
933 1672 988 1736 1333
1011 1677 1135 1737 33333
1156 1688 1322 1750 33333333

136 1761 262 1825 33333333
228 1757 333 1821 aione
355 1763 426 1822 333
413 1757 547 1822 33333333
502 1763 580 1839 3333,
610 1759 741 1823 333333
709 1760 806 1824 otiam
835 1759 1028 1824 3333333
1000 1758 1094 1823 etiam
1116 1756 1187 1824 sirie
1212 1756 1321 1839 333333-

137 1844 424 1927 3333333333333,
445 1844 819 1927 ipsiutrurupueumit
826 1851 926 1911 33333
906 1843 1220 1928 3833347100.
1264 1843 1323 1907 Το-

137 1938 204 1998 tam
226 1949 341 2012 corpus
363 1951 410 1997 333
406 1931 575 2012 publicae
596 1938 714 2017 333333,
736 1955 784 2018 33,
808 1934 883 1999 darre
901 1939 978 2013 part
978 1954 1024 1997 333
1046 1931 1222 2015 3333333333
1229 1949 1323 1994 3333-

138 2026 223 2099 333,
247 2017 665 2099 33333333333333333
649 2023 699 2104 off.
723 2021 753 2104 Ι,
774 2024 829 2103 25,
852 2023 905 2086 85.
949 2017 1323 2084 Nedumiuicodse-

138 2127 255 2190 3333,
288 2104 375 2170 robis
407 2105 552 2170 33333333
574 2107 658 2170 sira.
700 2108 756 2208 fia.
785 2107 925 2184 0,,38.
973 2106 1036 2172 Sed
1066 2125 1137 2172 cum
1160 2111 1195 2170 et
1216 2103 1324 2171 finalis

139 2199 173 2263 et
196 2193 419 2260 consecutivae
443 2194 624 2259 sententiae
637 2195 856 2277 conjunctivus
869 2194 910 2260 ad
924 2193 1066 2260 futurum
1077 2198 1206 2275 tempus
1217 2192 1325 2274 possit

137 2281 253 2349 referri
285 2278 398 2361 (c.f.L
402 2280 460 2344 -M
480 2281 599 2381 3100.
623 2282 714 2347 Anm.
738 2282 822 2363 4)e
825 2281 904 2346 tiam
935 2279 977 2346 fu
985 2286 1121 2346 turum
1151 2281 1184 2343 in
1208 2297 1325 2345 secun·

139 2369 241 2434 dariis
273 2367 444 2433 sententiis
477 2367 615 2433 inveniri
645 2374 896 2435 consentaneum
927 2373 997 2447 est3
1029 2386 1132 2469 neque
1155 2371 1268 2431 tamen
1292 2366 1325 2431 in

139 2456 213 2522 aliis
245 2458 279 2518 a
281 2472 342 2534 que
366 2453 634 2520 conditionalibus
664 2457 715 2521 vel
738 2454 896 2521 similibus
919 2459 991 2522 sent
993 2473 1031 2520 en
1034 2455 1089 2519 tiis
1034 2454 1171 2519 thoc
1193 2460 1326 2534 tempus

139 2542 309 2608 invenitur
354 2541 434 2622 Ejus
457 2542 586 2625 generis
609 2549 684 2608 sunt
670 2543 738 2608 thi
760 2543 823 2608 loci
844 2547 932 2607 tres:
956 2540 1045 2622 0333
1068 2541 1098 2604 33
1124 2542 1183 2604 3333
1170 2545 1219 2604 333
1240 2545 1325 2604 333-

139 2634 229 2695 3333
236 2629 289 2713 is,
318 2628 659 2693 333333333333333
619 2628 787 2694 3333333.
833 2628 921 2694 Care.
947 2632 998 2708 16,
1022 2631 1074 2693 46.
1112 2627 1326 2705 3033333333,

138 2738 177 2783 33
199 2715 413 2798 quadrinaria,
436 2715 862 2797 aequidsitefarias‚
896 2736 927 2779 sr
947 2735 985 2779 33
1007 2715 1220 2796 defendes
1245 2734 1326 2796 33333

139 2805 207 2885 ipse
229 2807 312 2867 33333
335 2822 402 2867 esse
423 2804 547 2866 3333333.
581 2804 660 2884 farra.
683 2802 741 2886 II,
765 2807 796 2879 7,
820 2807 849 2866 1.
904 2802 945 2869 Ut
933 2808 1029 2867 33333
1052 2802 1141 2866 modo
1164 2821 1252 2866 33333
1273 2822 1324 2884 33-

138 2911 208 2956 rere
229 2889 393 2970 coeperint,
416 2890 471 2954 sed
493 2889 585 2953 333333
607 2910 675 2954 3333
698 2891 1025 2954 3333333333333
1052 2894 1109 2966 (sc.
1134 2887 1323 2969 decemviri)

139 2997 227 3043 33333
247 2981 383 3041 restrum
397 2975 456 3058 333
471 2980 615 3056 potestas
645 2977 831 3058 liberiusque
861 2976 1056 3040 33333333.
1101 2976 1158 3058 333.
1181 2995 1251 3057 333.
1274 2974 1323 3054 11,

140 3070 188 3143 11,
210 3068 255 3130 29
278 3061 332 3147 (cf.
357 3082 387 3144 p.
410 3063 476 3144 55).
499 3062 718 3141 -Quattuor
741 3069 816 3129 sunt
838 3064 910 3147 loci,
933 3064 966 3128 in
989 3061 1105 3144 quibus
1127 3060 1324 3143 perfecti

140 3149 410 3216 indicativus
441 3149 644 3232 conjungitur
666 3169 738 3216 cum
761 3151 904 3232 ejusdem
931 3151 1087 3232 temporis
1118 3149 1323 3230 conjunc·

140 3238 246 3316 tivo,
281 3254 415 3317 quorum
448 3235 481 3300 in
517 3235 622 3303 tribus
649 3239 838 3318 3333333333
866 3237 1048 3301 rotatico
1084 3235 1325 3302 enuntiationes

142 3325 354 3406 copulantur,
384 3323 417 3386 in
439 3341 502 3388 uno
523 3324 686 3406 particula
708 3324 752 3389 si.
796 3324 845 3389 Ne
866 3325 957 3389 3333
986 3323 1062 3390 iuer
1083 3324 1118 3387 33
1142 3328 1171 3387 33
1192 3322 1323 3403 333333,

141 3432 238 3494 3333
268 3411 367 3477 diri.
414 3408 499 3474 0333.
522 3414 583 3490 20,
614 3413 663 3476 50.
710 3412 830 3491 Timeo,
866 3431 907 3476 33
939 3410 972 3477 0.
1000 3409 1211 3477 Verres...
1243 3429 1325 3491 3333

138 3499 266 3581 fecit,
296 3499 427 3578 3333333
452 3497 617 3579 fecerit.
669 3496 757 3563 Verr.
784 3498 925 3577 0,1,.3
969 3495 1326 3562 ,43333333333333333

142 3587 233 3667 affeci
233 3605 272 3650 us
291 3584 410 3666 fuisse,
441 3589 539 3651 33..
563 3585 643 3664 ,33,
675 3586 756 3666 33333
771 3585 895 3736 33333,
928 3585 1044 3665 impetu
1065 3583 1202 3666 33333333
1223 3582 1327 3647 animi

136 3672 264 3756 potius,
300 3690 396 3752 33333
426 3670 791 3754 copituiotrrefecerr
828 3671 966 3752 33311,
989 3674 1019 3756 5,
1042 3675 1094 3736 17.
1140 3670 1228 3734 Nara
1251 3670 1328 3752 33333

142 3764 188 3826 333
209 3777 340 3836 causae,
368 3755 402 3822 0.
426 3755 555 3838 Aquili,
584 3759 677 3839 3333,
708 3759 746 3823 si
768 3759 857 3842 torpe
879 3758 971 3823 aliter
989 3723 1199 3839 possedit,
1231 3776 1328 3838 333333

139 3851 270 3930 praetor
220 3807 400 3924 3333333,
424 3844 483 3909 iste
505 3865 543 3909 333
565 3845 663 3910 edicto
632 3851 749 3911 3333
765 3845 1004 3927 possederit
1016 3844 1183 3926 3333333.
1195 3846 1253 3927 27,
1274 3846 1328 3908 84.

145 3965 186 3984 »-
208 3933 326 3998 Restat
312 3936 431 3997 tanus
454 3931 585 4009 33333,
576 3950 609 3995 33
633 3951 695 4013 quo
707 3933 932 3999 consecuuvae
949 3951 1005 3999 sen
1007 3933 1130 3998 entiae
1142 3931 1329 4013 plusquam

141 4020 288 4103 perfecto
322 4024 466 4099 tempore
500 4017 554 4097 (cf.
586 4017 787 4102 L.-M.V.§
813 4025 884 4085 118.
916 4021 1008 4084 Anm.
1034 4020 1066 4093 33
1097 4017 1329 4101 pronuntiatae

144 4106 367 4189 conjunctione
398 4106 503 4187 33333
539 4104 726 4187 adiungitur
758 4106 968 4184 secundaria,
1003 4125 1085 4189 quae
1117 4105 1330 4170 indicativum

145 4194 291 4276 ejusdem
321 4192 478 4274 temporis
511 4191 675 4258 continet:
715 4193 763 4258 Ti.
796 4192 959 4259 03333333
984 4244 991 4261 .
1017 4243 1024 4258 .
1049 4244 1056 4259 .
1086 4212 1150 4275 333
1169 4192 1331 4275 3333333333

94 4320 100 4337 =
144 4281 217 4347 eir!
253 4300 315 4365 333
349 4277 548 4362 eloquentia!
580 4297 643 4363 333
664 4279 850 4368 ,3333333333
884 4280 967 4348 33333
996 4285 1031 4347 33
1053 4279 1196 4364 epatris
1217 4279 1333 4365 3333333
