2924 4904
703 384 747 447 80

140 553 254 620 sertim
276 551 523 635 comprimaris
546 552 725 620 enuntiatio
749 557 801 620 est
823 549 929 620 finalis
951 554 1004 620 vel
1027 553 1244 622 consecutiva.
1282 553 1315 620 Ii

141 642 225 724 quod
249 641 282 705 in
304 641 364 706 hos
381 641 469 706 locos
486 639 564 705 mihi
577 640 707 706 videtur
720 641 910 706 convenire:
939 639 982 708 Ut
997 643 1315 724 quotiescunque

140 729 179 793 de
200 727 375 792 clarissimo
396 731 426 791 et
447 726 623 792 beatissima
644 728 715 793 ciro
737 728 965 812 coqitemns,
987 729 1078 794 illum
1097 731 1209 811 potius
1230 747 1317 811 6666

140 820 259 881 nosmet
279 815 365 895 ipsos
387 814 519 897 diliqere
548 815 774 881 uideamur.
820 814 916 880 Brut.
940 820 969 900 1,
992 820 1021 880 4.
1068 815 1124 880 En
1145 834 1206 898 quo
1227 814 1317 898 6666

141 908 195 967 tur
216 902 314 985 illud,
348 906 383 966 ut
404 902 433 966 is
455 908 651 985 aquoscat
672 902 779 980 6666,
814 904 879 983 qui
907 905 991 969 unde
1020 907 1109 968 ortus
1138 903 1199 984 sit,
1233 900 1318 984 quusi

141 989 390 1055 recordetur.
414 987 513 1071 leq.I‚
536 992 567 1072 8,
580 991 636 1055 25.
659 989 698 1054 66
709 1009 753 1054 or.
775 988 805 1071 Ι,
821 992 871 1065 49,
888 993 965 1054 212.
996 989 1160 1055 Nemeum
1182 989 1319 1056 landet

140 1076 312 1160 inqenium,
335 1095 420 1140 cum
442 1076 561 1141 66666
585 1126 592 1141 .
617 1126 624 1141 .
649 1124 657 1141 .
685 1075 772 1142 Verr.
797 1075 826 1154 Ι,
849 1080 879 1159 9,
900 1080 954 1142 24.
982 1079 1031 1141 66.
1054 1082 1121 1142 nat.
1146 1076 1176 1161 Ι,
1198 1079 1255 1160 25,
1276 1077 1320 1141 69.

146 1164 260 1229 Vereor
271 1184 312 1227 ne
325 1162 438 1227 talium
450 1182 664 1244 personarum
677 1183 762 1228 cnm
777 1163 973 1245 amplificare
991 1164 1057 1229 ael
1063 1165 1124 1242 im,
1144 1164 1319 1228 minuam

141 1254 234 1315 etium
254 1249 400 1333 pluriam.
432 1248 490 1315 Ac.
508 1269 563 1331 pr.
585 1249 636 1328 ΙΙ,
657 1254 690 1331 2,
707 1254 736 1315 5.
772 1251 824 1333 off.
846 1249 897 1327 ΙΙ,
921 1254 972 1329 19,
988 1253 1038 1315 68.
1089 1249 1176 1334 Vide,
1200 1248 1319 1333 Crasse,

139 1359 188 1422 nc,
211 1338 405 1403 6666666
429 1385 436 1401 .
460 1386 467 1400 .
492 1386 499 1401 .
522 1343 639 1401 ornatu
660 1336 762 1401 celis
784 1357 901 1402 ornare
915 1338 1005 1419 juris
1026 1337 1131 1402 6666663
1149 1336 1320 1418 scientiam,

141 1445 198 1490 sno
219 1444 337 1506 quoquc
360 1444 428 1488 cum
449 1443 592 1488 concesso
622 1429 650 1488 et
681 1426 797 1490 tradita
828 1424 982 1504 spolies
1012 1429 1103 1505 atque
1126 1424 1317 1490 denudes.

141 1514 178 1577 de
200 1530 243 1576 ar.
266 1511 296 1593 1,
318 1514 369 1589 55,
393 1513 468 1575 235.
501 1508 582 1577 Sall.
605 1514 662 1592 22,
686 1513 736 1576 63.
782 1511 936 1575 Ρ66666
964 1511 1185 1595 hereditates,
1221 1509 1318 1593 quod

140 1620 209 1664 666
237 1598 421 1679 palaestrae
454 1598 652 1662 commissam
683 1617 749 1663 6336
778 1598 931 1662 666666.
990 1596 1076 1663 Verr.
1099 1597 1157 1677 ΙΙ,
1190 1601 1249 1681 14,
1272 1601 1318 1662 36.

141 1687 203 1754 Sed
224 1685 326 1751 66663
349 1684 501 1766 ejusmodi
516 1685 713 1765 perturbatio
729 1685 831 1749 animi
848 1685 1029 1767 placatione
1044 1685 1243 1750 abluatur
1266 1684 1318 1748 illa

140 1774 282 1855 quidem,
314 1792 395 1837 cnm
427 1773 573 1836 doceas
596 1822 603 1836 .
630 1821 637 1836 .
661 1820 668 1832 .
692 1777 769 1836 6636.
792 1771 857 1851 Ν,
881 1775 940 1856 28,
963 1777 1012 1837 66.
1044 1809 1085 1819 -
1126 1771 1167 1838 Ut
1190 1818 1197 1833 .
1222 1821 1230 1836 .
1255 1822 1262 1836 .
1284 1772 1317 1848 is,

140 1862 209 1943 qui
232 1860 386 1924 bumanos
414 1878 529 1923 sensus
557 1859 765 1938 amiserit,
793 1858 917 1924 diuinos
940 1864 1159 1924 assecutus
1178 1860 1243 1924 sit.
1263 1858 1318 1923 diu

140 1948 267 2032 ΙΙ,5Ι,
291 1950 360 2010 110.
411 1945 453 2011 Ut
483 1965 545 2011 non
577 1946 708 2011 dubium
736 1947 793 2029 sit,
827 1948 903 2029 quin
925 1948 1028 2029 major
1050 1945 1255 2012 adbibita
1275 1945 1319 2009 uis

140 2035 263 2118 alsit,
295 2035 384 2114 cujus
415 2033 542 2097 animus
563 2032 620 2097 sit
637 2034 822 2113 perterri
833 2041 911 2114 663,
934 2055 1026 2116 quam
1049 2033 1119 2112 illi,
1142 2033 1234 2115 cujus
1255 2052 1317 2099 cor·

138 2141 201 2204 pus
222 2120 486 2185 vulneratum
508 2119 574 2184 sit.
608 2118 695 2185 (laec.
713 2123 765 2203 15,
775 2124 830 2184 42.
876 2119 959 2201 unta
974 2125 1079 2203 potest
1101 2121 1213 2196 dicere,
1236 2119 1318 2201 quin,

140 2230 222 2274 cum
244 2209 282 2274 dc
304 2207 360 2272 illo
383 2207 578 2290 tacuerit,
608 2206 780 2272 sebastem
802 2209 1020 2289 coufessus
1041 2208 1107 2274 sit.
1143 2206 1230 2271 Pbil.
1251 2204 1318 2287 ΙΙΙ,

139 2299 171 2379 8,
193 2300 246 2361 21.
270 2332 311 2341 -
336 2293 414 2360 Cum
442 2294 575 2377 majores
605 2295 652 2358 ita
685 2294 919 2376 constituerint,
951 2299 1002 2373 66,
1031 2295 1101 2375 qni
1126 2313 1191 2376 pro
1223 2292 1320 2374 capite

140 2383 308 2460 diceret,
331 2383 361 2446 is
378 2382 552 2462 posteriore
574 2380 639 2447 loco
663 2382 835 2446 diceret.
879 2380 1000 2461 Quinct.
1018 2384 1048 2465 9,
1062 2385 1113 2446 33.
1167 2379 1218 2462 Ut,
1241 2399 1320 2446 666

141 2470 302 2535 ostendere
323 2469 474 2552 celles,
507 2467 615 2551 quales
637 2468 672 2532 di
694 2472 815 2548 essent,
850 2469 1094 2533 ostenderes
1120 2466 1228 2532 nullas
1250 2486 1317 2532 csse.

140 2557 187 2622 66.
212 2561 279 2621 nal.
301 2555 374 2635 111,
397 2559 428 2631 8,
451 2559 502 2620 26.
545 2554 626 2619 Alia
657 2575 753 2620 causa
785 2561 850 2620 tum
872 2554 999 2621 Staieni
1021 2554 1103 2637 6666,
1138 2554 1207 2619 alia
1233 2573 1320 2630 nuuc,

140 2644 222 2727 Atti,
247 2649 371 2708 tuaest.
417 2641 483 2707 Ille
502 2661 570 2707 cum
588 2662 624 2705 re
643 2647 850 2722 premeretur,
870 2643 1142 2724 quodcunque
1159 2642 1320 2724 diceret,

139 2729 300 2796 honestius
321 2731 498 2812 diceret,
520 2729 665 2811 quamsi
687 2778 695 2794 .
719 2778 726 2792 .
750 2780 758 2796 .
778 2730 942 2809 fateretur.
992 2727 1116 2794 (666666.
1139 2731 1190 2806 31,
1211 2731 1264 2793 86.
1280 2764 1318 2775 -

142 2817 221 2884 Onm
265 2817 329 2900 lcqe
361 2815 490 2898 nefaria
521 2815 732 2880 Ptolemaeum
764 2836 866 2897 reqcm
901 2815 1000 2900 Cypri
1129 2815 1320 2896 publicasse

135 2905 349 2985 populumque
371 2901 551 2968 Romanum
579 2902 695 2967 scelere
722 2902 974 2986 obliqasscs,
1005 2923 1089 2969 cnm
1110 2903 1145 2967 in
1168 2903 1237 2986 eiam
1258 2921 1319 2986 req·

139 3011 227 3071 num,
262 2990 359 3068 bona,
391 2991 545 3071 fortunas
579 2990 779 3055 latrocinium
801 2990 896 3072 buius
918 2990 1044 3071 imperii
1065 2990 1320 3071 immisisses,

5 3089 13 3097 '
144 3126 151 3141 .
176 3127 183 3142 .
209 3127 215 3143 .
239 3076 335 3159 bajus
361 3077 516 3156 pcmniac
544 3077 854 3157 deportandae...
879 3077 929 3142 M.
954 3077 1104 3143 Oetanem
1128 3075 1319 3159 praefecisti.

140 3165 219 3229 dom.
243 3166 275 3247 8,
297 3167 349 3228 26.
384 3163 493 3229 Etiam
515 3164 548 3227 iu
569 3164 630 3228 hoc
652 3164 722 3229 loco
746 3163 967 3246 conjunctivus
988 3164 1173 3228 immisisses
1194 3182 1255 3247 per
1276 3166 1320 3230 at·

145 3252 340 3317 tractionem
364 3251 525 3332 quandam
541 3251 669 3316 videtur
692 3249 786 3335 offici,
810 3270 881 3317 cum
904 3253 1101 3318 antecedant
1116 3251 1180 3316 hae
1202 3249 1319 3316 formae

142 3339 326 3422 obliqasses,
353 3337 564 3419 publicasscs,
596 3355 678 3420 quae
708 3339 799 3421 ipsae
830 3356 869 3403 ex
898 3357 967 3403 cum
987 3338 1148 3422 particula
1171 3338 1318 3421 pendent.

141 3427 242 3492 Recte
264 3426 364 3509 igitur
395 3426 429 3490 iu
458 3425 588 3507 optimis
619 3426 782 3491 codicibus
814 3425 1049 3508 conjunctivum
1080 3443 1153 3492 esse
1186 3425 1317 3507 putoin

65 3565 67 3570 .
140 3514 200 3580 hoc
224 3531 349 3597 quoque
372 3514 461 3578 loco:
501 3511 576 3576 Visa
598 3512 663 3576 sint
685 3513 830 3578 breuiora
853 3513 911 3595 (sc.
934 3513 1100 3596 peccota),
1130 3512 1248 3577 leuiora
1270 3510 1318 3594 qui

136 3601 301 3681 possunt?
324 3620 392 3664 cum
414 3599 620 3682 quidquid
640 3607 850 3680 peccetur,
871 3600 1108 3681 perturbatione
1125 3604 1317 3680 peccetur

142 3689 279 3752 rationis
303 3692 394 3769 atque
416 3686 549 3750 ordinis.
572 3687 692 3766 parad.
714 3686 786 3768 111,
809 3690 841 3770 2,
863 3691 916 3752 26.
962 3687 1074 3770 Neque
1100 3704 1173 3753 cum
1195 3685 1316 3752 Halmio

142 3776 216 3841 aliis
239 3772 442 3840 scribendum
466 3778 544 3854 puto
566 3773 719 3856 quidquid
739 3779 895 3855 peccatur.

227 4034 411 4117 Obliqua
434 4032 550 4099 ratio
573 4032 652 4099 iacit
675 4035 911 4117 conjunctivum
932 4035 966 4101 in
988 4033 1040 4100 his
1062 4033 1164 4100 locis:
1188 4031 1317 4100 Justitio

140 4176 147 4192 .
172 4176 179 4191 .
205 4174 212 4189 .
234 4130 282 4189 666
303 4125 387 4189 66666
408 4121 578 4203 dupliciter
600 4140 667 4185 csse
695 4127 724 4185 66
752 4122 924 4207 injustum,
954 4142 1023 4187 cum
1046 4126 1076 4185 et
1096 4122 1239 4188 alienum
1260 4118 1316 4186 ud·

134 4218 265 4294 pctus,
283 4211 354 4293 qni
372 4208 516 4273 mortalis
534 4212 630 4271 66663
648 4208 860 4274 66666666666
870 4208 1021 4290 postnl
1032 4228 1073 4273 63
1091 4208 1315 4279 immortalium,

138 4304 166 4364 el
189 4348 196 4364 .
221 4350 228 4365 .
253 4349 260 4364 .
283 4306 360 4362 6636.
383 4296 457 4380 ΙΙΙ,
480 4297 529 4377 17,
554 4297 605 4360 36.
660 4295 835 4376 Quaeritur
866 4299 896 4361 is
928 4298 982 4379 qui
1015 4295 1140 4363 666666
1170 4296 1316 4362 uoluntate
