2924 4912
777 387 817 448 62

211 555 348 620 Vertit
382 554 490 618 stilara
532 555 568 619 in
601 555 720 621 tabulis
754 557 842 637 sais,
878 576 951 638 666
991 557 1074 624 tacto
1107 576 1235 621 cansam
1266 577 1394 623 omnem

206 644 364 707 evertit
384 662 484 706 66666.
522 642 611 708 Verr.
635 641 694 721 ΙΙ,
718 648 779 725 41,
803 649 871 708 191.
904 644 966 706 ino.
992 642 1020 720 I,
1041 648 1097 722 22,
1120 648 1170 708 31.
1206 645 1244 708 cle
1266 665 1311 709 or.
1337 643 1392 724 H,

205 736 256 807 36,
280 733 353 796 153.
377 748 437 793 aaa.
462 734 519 808 11,
542 734 593 795 37.
614 732 692 811 fane.
719 730 790 813 XI,
812 735 865 810 21,
888 734 916 793 1.
940 732 1007 794 Α11.
1034 728 1139 808 XIII,
1162 734 1216 810 42,
1239 736 1268 795 1.
1300 731 1393 799 Vera.

205 819 234 900 I,
255 820 309 900 28,
332 819 382 880 71.
405 815 456 899 11,
479 821 507 894 1,
531 821 559 880 1.
583 820 634 900 55,
657 820 731 879 138.
753 817 814 894 IV,
838 820 868 895 7,
892 821 941 880 16.
966 816 1052 882 Caes.
1077 819 1126 896 16,
1148 821 1200 882 47.
1224 819 1316 882 Mirr.
1333 823 1394 903 22,

205 909 255 968 46.
279 904 358 969 Sall.
383 905 433 976 15,
457 906 509 967 42.
533 903 643 969 Flacc.
666 907 695 981 7,
717 907 767 966 17.
792 905 871 967 dona.
892 908 921 985 9,
943 908 995 967 23.
1014 910 1094 983 nost.
1117 905 1181 968 red.
1205 903 1234 984 Ι,
1259 908 1310 981 11,
1333 907 1392 972 27.

207 994 290 1062 Cael.
313 996 364 1069 31,
388 993 438 1054 76.
462 990 533 1073 Lip.
557 994 587 1066 5,
610 994 661 1054 14.
686 990 771 1055 Plil.
798 991 862 1074 XI,
885 995 915 1074 8,
938 993 985 1054 19.
1008 1012 1054 1071 ep.
1077 991 1129 1056 od.
1153 991 1251 1056 Brat.
1268 991 1298 1070 I,
1310 996 1341 1072 9,
1355 998 1392 1059 2.

292 1166 392 1232 Utin
416 1165 520 1230 altera
542 1165 797 1230 enuntiationum
820 1164 1060 1246 perfectum
1083 1165 1114 1228 in
1137 1165 1242 1231 altera
1263 1185 1393 1248 prae·

207 1252 305 1320 6666
336 1260 462 1332 tempus
491 1253 690 1331 inveniatur,
723 1253 755 1315 in
788 1250 1041 1316 coincidentibus
1065 1253 1234 1317 sententiis
1258 1258 1317 1318 aut
1341 1255 1393 1319 ita

206 1348 315 1424 potest
337 1338 416 1421 fieri,
440 1344 477 1403 ut
498 1340 677 1420 perfectum
701 1341 744 1403 sit
766 1338 943 1419 perfectum
967 1357 1131 1419 praesent,
1156 1341 1240 1419 quod
1264 1338 1393 1424 dicunt,

207 1437 265 1494 aut
286 1429 352 1509 116,
376 1434 412 1491 61
434 1428 599 1507 praesenti
621 1433 767 1507 tempore
790 1444 842 1490 res
865 1426 1064 1506 praeteritae
1087 1432 1276 1510 narrentur,
1303 1429 1395 1510 quod

205 1515 393 1581 historicum
418 1514 528 1578 dicunt
551 1513 764 1597 grammatici.

776 1618 805 1664 a.

293 1685 534 1753 Perfectum
565 1704 769 1768 praesens
803 1704 890 1751 cum
920 1686 1146 1767 praesenti
1181 1686 1391 1768 conjunctum

209 1796 270 1841 non
304 1774 410 1840 inveni
439 1780 571 1855 praeter
602 1776 634 1838 in
666 1775 717 1839 his
749 1774 847 1838 locis:
883 1773 965 1853 Quid
987 1775 1154 1854 66166666
1176 1775 1393 1853 meminit,

207 1865 288 1945 qnod
321 1882 384 1926 666
418 1863 524 1925 aniona
558 1861 879 1940 comprehendit
909 1867 939 1924 61
971 1861 1121 1924 tenet?
1165 1859 1222 1925 Aa.
1246 1881 1301 1941 pr.
1337 1863 1394 1947 II,

210 1954 239 2034 7,
261 1955 316 2014 22.
351 1949 387 2014 Si
408 1968 506 2028 66666
529 1968 623 2012 66666
645 1968 701 2012 666
723 1947 865 2011 vindicta
888 1947 1396 2028 666166166666161116666166

210 2044 292 2117 661,
316 2042 461 2099 666661
485 2034 570 2098 liber.
616 2042 677 2116 top.
699 2038 730 2112 2,
754 2039 802 2097 10.
845 2034 978 2099 Nallam
1008 2040 1071 2098 661
1100 2055 1200 2117 meana
1216 2042 1394 2117 peccatam,

210 2124 276 2189 nisi
298 2122 379 2205 qaod
400 2122 442 2186 iis
466 2123 639 2187 credidi.
684 2121 719 2202 Q.
740 2123 794 2272 fri)
807 2120 836 2202 I,
859 2125 890 2201 4,
914 2126 942 2184 1.

296 2298 515 2361 Praesens
547 2294 805 2360 historicum
840 2296 916 2376 (quo
953 2294 1080 2359 nomine
1116 2296 1214 2360 etiam
1245 2294 1279 2359 id
1303 2314 1394 2362 com·

104 2440 107 2448 ,
209 2385 348 2466 6166166,
382 2401 443 2463 666
466 2380 565 2446 verba
589 2382 724 2463 aliquus
747 2383 796 2447 vel
819 2384 942 2463 scripta
964 2382 1015 2445 vel
1039 2382 1126 2446 dicta
1146 2381 1326 2447 afferantur
1352 2382 1393 2451 61.

208 2470 311 2536 16.-Μ.
335 2470 374 2536 V.
407 2471 424 2552 6
452 2474 520 2532 116.
553 2470 643 2534 dnm.
669 2469 702 2552 5)
737 2487 807 2533 cum
841 2468 873 2532 in
907 2469 1061 2549 primaria
1095 2469 1315 2534 enuntiatione
1349 2472 1396 2536 sit

209 2558 468 2640 perfectum,
492 2556 660 2637 quinquies
684 2562 791 2620 exstat
824 2555 1037 2620 antecedente
1060 2556 1283 2637 conjunctione
1305 2557 1395 2622 dum.

207 2643 373 2710 Arcesilas
403 2643 555 2706 Zenoni.
582 2692 588 2706 .
613 2691 620 2705 .
643 2643 815 2707 obtrectans
839 2691 845 2705 .
870 2691 877 2704 .
901 2688 923 2724 .,
947 2643 1039 2706 darn
1067 2643 1162 2724 laios
1192 2642 1394 2725 definitiones

210 2732 397 2812 labefactare
418 2729 528 2808 6611,
559 2735 737 2794 6666166
766 2734 827 2793 661
848 2728 1036 2793 clarissimis
1058 2731 1151 2794 redas
1172 2730 1316 2794 tenebras
1341 2732 1395 2796 ol)-

208 2820 328 2883 ducere.
351 2816 412 2881 Ac.
429 2837 484 2898 pr.
508 2815 559 2898 II,
581 2820 610 2899 6,
634 2819 682 2881 16.
720 2815 780 2880 Vos
802 2821 913 2893 66166,
934 2817 1008 2879 aaa
1030 2815 1079 2880 illi
1094 2817 1224 2897 placere
1246 2816 1396 2904 voltis,

209 2908 251 2970 ad
274 2913 394 2985 166666
416 2909 484 2984 ejas
506 2904 1271 2968 666666166666616666666666616616116.
1306 2904 1394 2972 Cael.

211 2995 240 3074 7,
264 2995 313 3056 17.
358 2990 715 3071 116611166616166,
733 3010 839 3070 66666
860 2992 1109 3071 6666166166
1131 2991 1194 3056 ille.
1235 2993 1313 3072 forn.
1339 2992 1394 3069 ΙΙ,

209 3082 239 3160 9,
263 3084 294 3144 2.
321 3116 360 3126 -
386 3077 498 3143 Caecil.
522 3081 572 3156 17,
596 3081 646 3144 56.
687 3077 770 3142 Verr.
793 3077 845 3157 II,
869 3079 918 3155 17,
942 3081 995 3142 42.
1032 3078 1184 3159 EJusdem
1207 3077 1337 3160 generis
1361 3080 1395 3145 in

212 3167 366 3247 exemplis
391 3165 571 3246 conjunctio
596 3186 663 3230 666
685 3165 967 3244 invenitursemel,
992 3165 1194 3245 6666616661.
1219 3164 1395 3232 Alioarodo

210 3253 463 3333 transtulit,
486 3272 571 3316 666
595 3251 699 3316 dicit
722 3250 851 3316 Ennius
874 3271 966 3335 ,arce
988 3258 1017 3316 et
1038 3252 1113 3315 arbe
1135 3251 1210 3315 orla
1234 3252 1325 3315 6666κ

212 3360 256 3404 ar.
278 3343 333 3423 27,
354 3343 403 3402 93.
449 3339 560 3418 (iared
581 3359 654 3403 aero
677 3339 794 3403 actoris
810 3343 829 3416 j
836 3338 928 3402 6166
960 3358 1026 3402 6666
1045 3339 1202 3416 fraudent,
1236 3339 1269 3403 id
1292 3344 1395 3404 totam

211 3427 531 3492 distendisset.
558 3427 785 3490 ..sententia
817 3425 970 3507 166111,
1000 3429 1048 3508 19,
1071 3430 1124 3490 42.
1170 3425 1242 3490 Uno
1264 3425 1296 3490 in
1322 3427 1396 3493 loco

215 3517 246 3579 in
280 3515 434 3595 primaria
469 3515 689 3578 enuntiatione
722 3530 877 3593 praesens
909 3513 1110 3591 historicum,
1142 3512 1175 3577 in
1198 3512 1397 3580 secundaria

212 3601 391 3683 perfectum
415 3607 537 3681 exstat,
572 3601 654 3665 hunc
687 3600 779 3664 dico:
819 3599 926 3678 Quod
957 3605 1122 3681 6666166
1156 3619 1195 3662 66
1223 3599 1333 3679 pluris
1367 3607 1398 3666 te

212 3688 299 3752 testis
322 3688 434 3750 ledere
454 3689 492 3751 de
520 3687 677 3764 Voltinia,
699 3707 794 3768 66666
816 3688 945 3765 gnatia
969 3708 1005 3749 ea
1027 3686 1114 3750 16166
1128 3692 1250 3766 puncta
1271 3687 1399 3770 tnleris,

211 3775 328 3840 indic
339 3796 382 3838 as
405 3781 460 3838 ant
483 3794 532 3838 eos
547 3776 637 3838 testis
648 3780 677 3839 te
687 3774 866 3854 producere,
890 3775 944 3854 661
959 3824 965 3839 .
979 3825 985 3837 .
999 3823 1005 3835 .
1019 3781 1095 3837 661.
1109 3823 1116 3837 .
1133 3821 1137 3833 .
1155 3773 1264 3837 Plano.
1274 3778 1331 3856 22,
1342 3777 1398 3842 54.

299 3948 463 4030 Imperi
469 3953 563 4012 ecta
587 3955 620 4012 et
642 3947 674 4011 in
688 3947 851 4028 primariis
874 3953 907 4009 et
931 3946 962 4009 in
986 3947 1186 4012 secundariis
1199 3947 1402 4014 enuntiatio-

213 4035 307 4101 nibus
330 4037 480 4117 leguntur
502 4036 533 4098 in
557 4034 636 4099 locis
659 4033 727 4098 1666
751 4033 983 4115 quadraginta,
1020 4052 1154 4114 quorum
1177 4035 1209 4098 in
1233 4035 1313 4100 locis
1337 4037 1401 4101 tri-

214 4125 304 4206 ginta
334 4124 556 4203 conjunctione
591 4141 661 4184 666
692 4119 930 4184 enuntiationes
965 4122 1208 4202 conjunguntur.
1255 4121 1327 4198 Qua
1359 4142 1403 4189 ex

114 4246 117 4251 -
212 4231 247 4275 re
272 4209 533 4293 Madvigium
559 4207 589 4292 (§
616 4212 692 4286 358,
718 4209 808 4270 dnm.
833 4206 885 4288 2),
909 4225 1003 4288 quem
1026 4207 1173 4289 sequitur
1196 4209 1403 4278 Heraeus

212 4298 244 4382 (§
258 4301 331 4361 205.
346 4299 389 4378 6),
416 4315 528 4361 errare
552 4300 699 4374 apparet,
724 4296 776 4375 qui
801 4293 907 4358 dicat:
937 4293 1062 4376 ,Quum
1083 4295 1114 4359 in
1132 4295 1190 4360 der
1205 4296 1404 4384 Bedeutung
