2924 4904
703 280 744 340 24

136 449 199 515 se?
222 455 297 514 tuso.
320 446 349 528 Ι,
365 452 424 532 22,
441 450 491 514 55.
538 447 640 517 Sentit
661 450 760 534 ipituu
782 450 909 514 ouiuus
931 469 965 513 se
985 450 1116 514 uoueri:
1139 450 1221 530 quod
1244 469 1308 514 curu

137 536 241 621 sentit,
263 535 345 601 illud
366 556 448 600 uuo
471 537 576 622 scutit,
599 559 633 603 sc
655 538 687 602 oi
708 558 768 602 suo
791 558 855 603 uon
879 536 984 602 oluuo
1000 538 1121 602 moueri.
1143 537 1183 601 ib.
1197 542 1251 616 23,
1262 540 1310 601 55.

141 625 210 707 Quo
233 625 292 708 (se.
317 623 437 708 gratia)
461 643 529 688 cum
554 646 661 690 carere
675 625 766 690 deum
782 626 887 708 uultis,
910 624 1063 688 nemiuem
1078 625 1132 689 deo
1147 645 1204 688 uec
1220 626 1309 689 deuu

138 732 192 777 uec
213 711 366 776 homiuem
389 731 510 790 corum,
533 713 683 778 nemiuem
707 713 744 777 ol)
768 734 800 778 eo
823 712 936 790 amori,
958 712 1109 776 nemiuem
1131 712 1225 795 dilipi
1245 712 1309 776 oul-

137 800 189 864 tis.
221 798 484 877 de.uot.1,43,
510 804 583 866 121.
629 800 779 883 (Fratris
808 800 916 864 miseri
944 800 1138 883 nepotiano),
1170 800 1253 880 quod
1282 800 1310 863 si

138 887 237 952 sciaou
259 888 348 968 cujus
369 886 456 949 modi
477 886 536 966 sit,
569 889 666 952 scium
688 888 764 968 quid
786 889 940 970 opeuduuo
962 886 1040 950 milii
1062 888 1113 950 sit.
1147 886 1309 969 111111,

139 978 169 1058 9,
183 979 213 1039 3.
264 973 361 1038 Velim
383 980 419 1038 ut
440 973 499 1037 tibi
522 976 641 1039 unricus
663 977 722 1039 sit:
744 975 799 1040 luoc
821 995 889 1040 euru
912 974 967 1037 tibi
989 980 1071 1058 opto,
1093 981 1163 1054 opto
1186 979 1221 1038 ui
1243 974 1311 1038 beo·

6 1084 7 1087 ¹
138 1069 190 1127 tus
211 1062 263 1126 sd.
285 1061 325 1126 il.
349 1059 393 1139 X,
410 1065 461 1144 16,
477 1066 505 1126 1.
554 1060 631 1128 (lum
653 1062 764 1127 scribit
785 1084 818 1127 se
842 1064 904 1146 lopo
925 1061 1102 1125 Hieronica
1123 1062 1310 1140 uendidisse,

138 1150 215 1231 quid
236 1148 377 1215 scribit?
405 1148 488 1213 Vero.
514 1148 587 1229 ΙΙΙ,
604 1153 743 1233 53,123.
788 1149 904 1216 Ooutro
920 1154 1089 1229 praecepio
1112 1149 1309 1234 (exordium)

139 1243 198 1316 esi,
231 1236 312 1319 quod
332 1235 415 1299 uilcil
436 1255 542 1299 eorum
565 1237 673 1320 esdod,
704 1257 833 1318 quorum
865 1257 961 1302 causo
990 1236 1028 1300 de
1058 1236 1195 1300 exordiis
1212 1256 1310 1316 proe-

139 1330 227 1406 ceplo
248 1323 432 1402 traduntur,
455 1323 523 1387 lcoo
546 1330 617 1400 est,
640 1325 721 1405 quod
743 1346 811 1389 euru
834 1325 889 1406 qui
912 1324 1001 1388 audit
1021 1344 1118 1404 uequc
1132 1323 1309 1389 beueooluu

138 1433 236 1496 uepue
259 1416 411 1476 attentum
434 1431 528 1493 ueque
549 1411 678 1476 docilem
701 1413 804 1564 egued.
842 1413 903 1477 iuo.
925 1411 955 1490 1,
979 1413 1030 1488 18,
1054 1415 1109 1476 26.

227 1586 372 1668 Denique
395 1587 428 1650 in
452 1585 585 1651 eandem
607 1587 690 1651 hanc
712 1591 838 1669 partem
860 1587 977 1653 cadunt
999 1586 1022 1651 ii
1044 1585 1116 1664 loci,
1139 1586 1172 1649 in
1196 1583 1309 1667 quibus

140 1694 203 1740 non
225 1673 301 1740 bina
324 1673 451 1756 objecta
474 1679 626 1755 utsupra
650 1675 740 1755 quasi
764 1679 1005 1756 comparentur,
1029 1673 1104 1754 sed,
1134 1672 1190 1738 ubi
1213 1692 1308 1738 enun-

140 1761 276 1828 tiatione
300 1761 508 1827 conditionali
539 1762 602 1842 (vel
626 1762 695 1843 ejus
719 1762 831 1844 simili,
864 1781 944 1844 quae
968 1780 988 1826 a
1009 1759 1214 1843 generalibus
1238 1780 1308 1842 pro·

140 1849 320 1915 nominibus
350 1849 499 1932 incipiat)
531 1849 652 1931 aliquid
683 1868 778 1930 posse
809 1848 878 1915 fieri
911 1850 952 1914 sit
986 1849 1124 1927 dictum,
1158 1848 1310 1929 primaria

141 1937 360 2002 enuntiatione
389 1936 504 2027 iisdem
532 1936 600 2002 lere
625 1935 732 2002 verbis
756 1937 902 2017 repetitis
933 1936 1011 2000 illud
1044 1935 1086 2000 ad
1117 1953 1209 2016 quem
1240 1954 1311 2017 per·

141 2025 245 2090 tineat
275 2023 472 2104 exprimatur
503 2023 711 2106 superaddito
743 2023 850 2089 dativo
883 2022 1009 2105 objecti.
1055 2023 1168 2104 Itaque
1199 2023 1232 2086 in
1262 2023 1309 2087 his

141 2129 266 2194 quoque
289 2111 368 2176 locis
391 2111 528 2194 singulis
552 2111 696 2192 singulae
719 2118 857 2191 aguntur
880 2129 951 2191 res,
985 2108 1092 2174 differt
1116 2117 1223 2175 tamen
1246 2111 1310 2192 pri-

139 2200 243 2264 maria
266 2216 410 2280 quaeque
433 2197 473 2263 ab
497 2198 688 2264 secundaria
711 2199 871 2263 sententia
894 2217 958 2263 une
981 2197 1075 2275 sede,
1110 2215 1205 2278 quam
1229 2197 1310 2263 dati·

141 2305 199 2351 vus
221 2285 355 2351 obtinet.
400 2286 510 2350 Inveni
529 2286 609 2351 haec
634 2287 800 2368 exempla:
832 2284 930 2365 Apud
957 2305 1044 2365 quun
1075 2285 1227 2365 quidquid
1254 2305 1310 2348 oo-

140 2373 206 2438 lebo
228 2371 276 2437 od
298 2373 482 2437 auctoritate
503 2373 550 2436 cel
570 2375 687 2456 pretio,
708 2373 812 2437 valebo
836 2374 921 2437 tibi.
942 2375 1020 2454 solu.
1040 2371 1210 2450 V1,o,13.
1255 2372 1311 2438 Sin

139 2461 216 2541 quid
239 2460 413 2542 offenderit,
436 2459 521 2523 11111
542 2465 647 2542 totum,
670 2460 752 2524 uiloil
774 2460 830 2524 tibi
853 2460 1027 2544 offenderit.
1049 2461 1126 2538 snm.
1141 2459 1192 2537 ΙΙ,
1216 2463 1267 2538 18,
1282 2461 1309 2522 3.

141 2548 178 2615 Si
202 2553 246 2612 cst
268 2546 347 2626 leue,
377 2547 531 2611 homiui
551 2549 672 2630 putrui
695 2547 758 2612 leae
779 2554 832 2612 cst.
865 2549 942 2614 Sosi.
966 2549 1016 2624 54,
1040 2550 1109 2611 115.
1155 2544 1311 2626 Quidquid

140 2636 200 2699 erit
223 2634 282 2720 (sc.
306 2635 561 2717 pantherarum),
586 2636 666 2700 tibi
687 2635 756 2699 ecit.
782 2637 857 2716 sone.
874 2635 924 2714 ΙΙ,
945 2639 994 2716 11,
1018 2639 1049 2710 2,
1094 2633 1167 2699 Huc
1189 2633 1218 2697 si
1240 2631 1312 2715 quid

141 2723 311 2800 occesserit,
334 2742 396 2786 uon
419 2727 482 2786 toou
504 2723 582 2787 milui
604 2744 697 2804 quoni
718 2722 829 2787 uobis
851 2725 958 2804 reique
973 2721 1120 2803 publicae
1142 2721 1312 2785 occesserit.

141 2808 393 2889 Ρ1111.Ι,15,38.
427 2809 473 2874 M
474 2810 487 2873 i
493 2809 536 2873 ot
551 2811 671 2889 occidit,
693 2810 723 2874 si
739 2811 815 2892 quid
830 2811 887 2894 (sc.
897 2810 988 2895 mali)
1006 2809 1128 2874 occidit.
1151 2811 1313 2893 oou.3,10.

229 3070 375 3135 Alteram
398 3075 524 3153 partem
548 3071 616 3152 ejus
640 3071 784 3154 generis,
814 3071 846 3136 in
870 3091 931 3153 quo
954 3071 1005 3137 bis
1027 3071 1113 3135 idem
1133 3070 1315 3137 inveniatur

143 3154 274 3222 verbum
296 3155 435 3240 finitum,
459 3177 531 3222 eam
554 3177 625 3224 esse
648 3160 810 3238 volumuS,
841 3160 875 3222 in
898 3178 961 3241 qua
984 3157 1196 3224 differant
1217 3158 1314 3224 sub·

139 3244 264 3326 jecta.
310 3244 420 3309 Facile
438 3245 471 3310 in
482 3246 543 3310 hac
559 3253 652 3327 parte
669 3247 798 3311 easdem
813 3245 932 3312 formas
949 3246 1212 3327 discerneremus,
1237 3264 1315 3327 quas

141 3331 174 3394 in
204 3331 369 3411 superiore
400 3332 627 3414 disjunximus,
658 3333 720 3398 nisi
751 3338 884 3416 propter
918 3334 1070 3398 minorem
1102 3334 1316 3416 exemplorum

141 3421 306 3483 numerum
329 3419 432 3485 minus
456 3421 573 3486 multas
597 3419 717 3486 formas
740 3427 884 3486 statuere
907 3422 1091 3499 mallemus,
1124 3422 1315 3502 praesertim
1337 3457 1340 3466 -

143 3524 214 3570 cum
236 3507 411 3587 superioris
440 3508 543 3589 partis
574 3507 694 3574 formas
723 3509 866 3591 quemvis
896 3513 1044 3591 putemus
1074 3508 1108 3571 in
1139 3508 1200 3574 hac
1222 3515 1315 3591 parte

142 3611 201 3660 sua
225 3599 339 3675 sponte
361 3595 611 3680 recognitorum.
657 3595 820 3678 Bipartito
843 3595 941 3679 igitur
963 3596 1045 3661 hanc
1059 3599 1185 3678 partem
1207 3597 1316 3678 placet

142 3678 302 3747 distribui.

715 3789 734 3835 a

228 3855 310 3920 Nam
335 3855 390 3920 alii
414 3861 488 3921 sunt
510 3856 588 3934 loci,
621 3855 791 3937 inquibus
815 3855 934 3937 passivi
966 3856 1095 3941 generis
1127 3856 1191 3921 sint
1217 3854 1316 3922 verba

141 3940 243 4008 finita.
289 3943 412 4008 Horum
435 3941 581 4024 subjecta
605 3944 665 4007 etsi
689 3942 796 4008 verbis
820 3950 894 4008 sunt
916 3943 1055 4025 diversa,
1078 3963 1114 4009 re
1138 3949 1245 4009 tamen
1269 3945 1316 4008 in·

142 4030 333 4112 telliguntur
349 4031 478 4108 eadem;
502 4049 540 4095 ac
564 4029 591 4094 si
612 4031 642 4094 in
660 4031 756 4095 activi
770 4031 897 4112 generis
913 4030 1033 4096 formas
1048 4036 1210 4098 mutamus
1233 4033 1316 4096 tales

143 4119 399 4197 enuntiationes,
424 4116 512 4198 prius
536 4117 614 4182 illud
637 4136 737 4199 genus
761 4117 912 4202 exoritur,
948 4119 1064 4200 inquo
1088 4117 1239 4184 differant
1262 4118 1317 4184 ob-

139 4205 236 4286 jecta.
284 4206 364 4270 Sunt
386 4205 485 4287 igitur
507 4204 540 4269 hi
563 4204 626 4269 loci
649 4204 718 4286 ejus
741 4205 877 4291 generis,
900 4206 941 4272 de
957 4224 1019 4288 quo
1035 4205 1201 4272 u.-M.111.
1215 4206 1232 4291 ξ
1248 4211 1318 4273 109.
