2924 4904
708 338 750 400 93

139 505 380 591 0111.21,18.
423 505 653 571 Demoaeri
675 511 703 571 et
726 506 881 588 depelli
911 509 948 575 de
978 510 1045 576 loco
1073 527 1242 579 uecess'e
1264 520 1322 581 est

138 616 218 674 eum,
242 597 297 676 qui
319 594 570 677 dejiciatur.
601 593 690 660 ane.
713 598 765 746 ᾗθ,
789 599 840 673 49,
863 599 901 677 cf.
924 597 966 663 il.
990 600 1040 683 11,
1062 603 1113 666 49.

227 767 521 835 Indicativum
543 767 681 834 futuri
710 786 769 850 pro
793 770 994 851 conjunctivo
1016 773 1193 840 invenimus
1216 777 1248 839 in
1271 774 1322 841 his

139 857 239 924 locis:
282 857 529 920 Mementote
551 856 660 938 ipitur,
689 875 758 919 cuae
787 857 971 922 audietis
994 860 1228 941 psephismata,
1258 882 1322 926 noa

140 946 253 1009 audire
275 963 330 1007 oos
351 943 537 1020 testimonia,
558 942 703 1006 audire
726 945 930 1008 temeritatem
950 945 1038 1028 culpi
1059 968 1083 1011 e.
1105 968 1133 1028 q.
1155 968 1180 1013 s.
1211 948 1320 1014 Flaco.

138 1035 251 1110 8,19.
296 1029 430 1112 Aliquid
460 1035 488 1094 te
514 1029 675 1110 populare
699 1032 874 1110 putabis
904 1032 1066 1113 trabere,
1110 1055 1180 1099 cum
1210 1036 1322 1100 dices

242 1116 329 1181 Verr.
351 1115 424 1199 111,
449 1120 497 1198 19,
519 1119 572 1180 48.
626 1115 776 1181 Ciuitas.
799 1167 806 1181 .
832 1118 891 1182 .si
919 1120 1052 1184 oooeL.
1076 1120 1321 1187 (1111111111-

139 1205 216 1283 bit,
248 1209 431 1269 ornamento
458 1203 594 1285 quodam
621 1223 687 1268 sese
708 1204 961 1283 spoliatam
991 1208 1075 1286 (1.1.
1100 1226 1173 1274 sese
1196 1208 1321 1292 carere)

133 1289 783 1374 1111111111.1131141111.
810 1291 889 1373 XII,
912 1296 960 1372 10,
984 1297 1013 1357 3.
1040 1293 1115 1377 XV,
1138 1301 1191 1372 20,
1216 1300 1250 1376 3,
1282 1299 1321 1378 ef.
1411 1357 1413 1362 .

138 1383 217 1459 fam.
244 1378 287 1459 X,
311 1382 413 1456 11,1.
444 1397 489 1458 ep.
513 1376 638 1442 Plaaei.
687 1378 819 1444 Futuris
846 1380 1015 1446 actionum
1049 1384 1257 1463 congruentia
1289 1385 1323 1448 in

140 1468 192 1532 his
214 1467 293 1531 locis
316 1484 378 1530 non
403 1462 656 1546 significaretur,
687 1466 749 1529 nisi
772 1464 937 1531 infinitivis
959 1467 1139 1534 futurorum
1163 1471 1211 1535 vis
1235 1474 1323 1535 esset

139 1552 357 1620 attribuenda.
1163 1583 1164 1587 ¹

718 1657 745 1705 c.

229 1727 294 1792 Sed
317 1730 471 1808 quattuor
493 1731 568 1792 sunt
590 1725 663 1806 loci,
685 1727 718 1789 in
741 1724 857 1806 quibus
880 1745 942 1793 non
965 1727 1083 1810 futuri,
1114 1730 1170 1794 sed
1193 1749 1322 1811 prae-

142 1816 283 1881 sentis
315 1813 581 1878 indicativus
610 1813 751 1894 legatur,
782 1814 841 1877 hos
870 1813 962 1878 dieo:
1008 1813 1086 1880 Oura
1115 1816 1207 1881 dieo
1238 1816 1322 1881 111111

139 1903 236 1966 istum
258 1902 326 1983 ejus
347 1901 431 1964 amdi
456 1921 563 1963 rerum
587 1901 623 1963 ire
653 1905 717 1963 tota
739 1901 910 1979 provincia
930 1901 1110 1985 reliquisse,
1140 1903 1257 1968 Latine
1275 1923 1323 1968 me

141 1990 304 2070 scitote,
336 2006 403 2051 aori
431 1987 625 2051 accusatorie
655 1987 776 2067 loqui.
816 1987 903 2051 Verr.
925 1986 984 2069 IV,
1007 1992 1036 2065 1,
1058 1993 1089 2053 2.
1135 1988 1337 2070 Quadorum

141 2077 246 2157 dico,
269 2077 364 2156 leuem
387 2095 407 2137 a
429 2074 586 2138 medici
607 2073 795 2156 intellipi
816 2074 918 2138 oola.
942 2074 1183 2157 119.111,1,3.
1228 2077 1323 2143 Nure

140 2163 176 2227 id
206 2162 289 2245 quod
315 2162 495 2242 facimus
518 2209 525 2223 .
549 2211 556 2224 .
582 2211 604 2237 .,
639 2161 813 2224 necessario
839 2161 946 2241 fieri
973 2163 1196 2245 intellipet.
1234 2164 1321 2229 Verr.

142 2250 403 2330 111.Ι,18,55.
453 2247 565 2312 Vereor
594 2268 633 2311 ae
661 2267 693 2312 se
723 2248 916 2312 derideri
937 2255 1066 2328 putet,
1098 2251 1180 2330 quod
1207 2251 1321 2315 iterum

136 2337 206 2418 jam
239 2337 329 2401 dico
358 2335 503 2416 optimus.
535 2333 657 2412 Quiaet.
682 2336 783 2418 5,19.
827 2335 887 2399 His
910 2336 941 2399 in
967 2336 1045 2401 locis
1067 2336 1195 2403 suturae
1218 2339 1321 2404 notio-

142 2425 193 2489 nis
221 2421 394 2487 infinitivos
424 2422 502 2486 nihil
535 2421 656 2486 habere
688 2427 834 2502 apparet.
880 2421 950 2500 Qua
979 2422 1019 2488 de
1049 2442 1085 2489 re
1109 2426 1321 2491 concedamus

142 2529 275 2576 necesse
299 2516 349 2575 cst
371 2527 500 2591 posse
522 2507 784 2573 infinitivum
806 2509 1075 2590 praesentis,
1110 2529 1197 2576 cum
1225 2531 1320 2594 pen-

143 2597 241 2663 deat
276 2617 323 2662 ex
354 2597 516 2677 futuro,
560 2596 775 2677 propriam
811 2597 1060 2677 praesentis
1100 2598 1320 2664 notionem

139 2683 316 2751 habere.
714 2769 733 2833 d

227 2860 340 2940 Itaque
363 2875 403 2921 ne
434 2856 653 2938 conjunctivos
686 2856 814 2938 quidem
844 2874 972 2937 semper
1005 2875 1062 2938 pro
1096 2856 1214 2923 futuris
1248 2878 1321 2924 esse

137 2944 347 3027 judicandum
370 2944 516 3027 videtur,
550 2944 608 3009 sed
638 2961 736 3024 saepe
767 2959 823 3006 eos
851 2961 916 3007 una
944 2962 1015 3008 cunr
1042 2944 1123 3026 ipsis
1144 2944 1319 3030 infinitivis,

141 3051 213 3098 cum
234 3033 375 3114 pendeat
397 3050 435 3094 ex
457 3030 565 3097 futuro
587 3030 703 3109 oratio,
726 3029 909 3110 praesentis
928 3032 1085 3112 temporis
1100 3031 1164 3096 vim
1179 3034 1321 3098 retinere

141 3125 303 3201 putamus,
327 3119 359 3183 id
384 3117 467 3199 quod
489 3118 521 3182 in
545 3117 595 3182 his
618 3117 698 3182 locis
721 3115 791 3181 fieri
813 3116 957 3181 videtur:
994 3116 1035 3183 Ut
1057 3120 1171 3184 scios
1193 3171 1199 3185 .
1219 3168 1251 3184 ..
1274 3141 1322 3185 me

141 3207 225 3288 qaod
252 3206 406 3287 taciem
436 3209 465 3268 et
484 3209 575 3286 prote
606 3209 635 3268 et
650 3205 707 3285 pie
726 3206 875 3284 facere.
906 3204 1170 3281 Priuernas.
1215 3206 1322 3271 Noli

139 3300 291 3373 pretore
308 3291 448 3375 pioritia
468 3311 516 3354 me
536 3294 691 3372 faeere,
721 3290 826 3372 quod
846 3310 906 3354 111
926 3312 995 3355 mea
1017 3312 1116 3356 mana
1137 3294 1321 3358 scribam.

140 3379 458 3459 Α11.Χ171,15,1.
512 3377 555 3442 11
583 3398 652 3442 aero
681 3378 893 3442 desiaomt
923 3379 1041 3442 dicere:
1074 3379 1128 3460 qui
1162 3380 1321 3444 subtiliter

139 3466 298 3547 dicuat,
320 3485 372 3530 eos
393 3465 474 3528 solos
496 3463 602 3530 Attice
622 3465 644 3529 d
652 3464 769 3528 icere.
793 3469 855 3543 opt.
872 3484 941 3546 perr.
965 3483 1009 3528 or.
1022 3469 1053 3544 4,
1066 3470 1120 3529 12.
1143 3464 1211 3529 Att.
1227 3466 1322 3547 XIV,

138 3554 189 3618 17.
212 3552 256 3635 A,
277 3558 302 3619 2
324 3553 384 3634 (=
403 3553 481 3632 fem.
503 3551 570 3632 IX,
593 3551 662 3634 14).
695 3552 733 3614 de
755 3571 799 3614 or.
822 3549 852 3628 1,
876 3554 925 3626 49,
949 3554 1024 3615 214.
1080 3552 1235 3633 Ejusdem
1266 3572 1321 3636 ge·

138 3641 225 3705 neris
247 3642 281 3705 in
303 3640 354 3704 his
378 3639 455 3704 locis
478 3639 658 3721 perfectum
680 3654 836 3719 praesens
860 3644 911 3702 est
932 3657 991 3719 pro
1014 3641 1196 3719 praesenti:
1220 3640 1322 3722 quue

132 3746 216 3807 prae
237 3728 454 3809 meterem,
485 3730 514 3789 et
541 3725 666 3806 quidem
696 3745 743 3787 me
772 3744 839 3787 meo
864 3744 961 3788 caasa
981 3725 1123 3805 facere
1145 3731 1173 3789 et
1194 3727 1242 3790 rei
1258 3749 1322 3807 pu·

137 3812 251 3895 111111,
283 3833 353 3878 cur
375 3811 466 3876 illum
488 3814 649 3877 oderim.
681 3809 749 3874 Att.
774 3809 997 3894 XV1,15,1.
1042 3811 1248 3893 (Suspectum
1271 3822 1322 3879 est

137 3899 170 3965 in
193 3900 254 3965 hoc
277 3902 347 3966 loco
370 3899 451 3964 illud
468 3901 576 3978 facere
598 3948 605 3964 .
630 3949 636 3964 .
665 3948 671 3962 .
695 3917 762 3980 cur,
796 3898 881 3979 quod
909 3899 942 3962 in
973 3899 1059 3963 nullo
1092 3900 1156 3964 alio
1179 3901 1248 3965 loco
1271 3901 1320 3965 in-

138 3989 275 4053 venitur.
320 3989 427 4067 Atque
444 3986 584 4052 Orellius
608 3987 726 4051 omisso
749 3982 847 4049 verbo
869 4005 925 4064 me,
949 3986 1032 4067 quod
1055 3985 1087 4050 in
1104 3986 1174 4051 cod.
1191 3986 1234 4052 M.
1258 4006 1321 4054 non

139 4079 264 4156 exstat,
299 4080 333 4139 et
361 4072 460 4138 verbo
489 4076 597 4152 tacere
629 4076 686 4138 aut
715 4073 824 4137 deleto
858 4078 914 4138 aut
943 4077 1068 4138 mutato
1095 4073 1128 4137 in
1147 4074 1251 4154 feram
1275 4075 1322 4140 sio

140 4160 239 4226 scribi
262 4162 406 4226 mavult:
436 4160 528 4241 idque
545 4180 628 4241 prae
648 4178 696 4223 me
714 4164 827 4239 teram.
851 4160 1025 4239 etquidem
1047 4179 1115 4224 mea
1138 4181 1234 4225 caasa
1256 4163 1320 4242 [t-

136 4251 228 4331 ram]
252 4253 281 4312 et
302 4247 525 4327 reipublicae,
557 4267 615 4312 cur
636 4245 728 4310 illum
747 4246 875 4311 oderim.
921 4245 985 4312 Sed
1006 4264 1066 4329 pro
1089 4267 1117 4313 v.
1141 4267 1197 4313 car
1221 4249 1254 4313 in
1276 4249 1320 4314 M.
