2924 4904
709 363 751 425 09

138 526 204 596 oce.
227 527 292 614 III,
305 534 336 614 9,
348 532 404 595 22.
433 527 496 594 ino.
518 529 548 613 Ι,
563 533 613 616 39,
631 535 683 596 73.
704 568 748 578 -
770 530 901 614 Siquis
923 531 1062 596 Phidiae
1084 532 1219 614 elipenai
1239 536 1320 601 dis·

136 616 343 695 soluerit,
376 616 601 682 conlocationis
625 619 807 684 nniversam
836 619 968 700 speciem
989 619 1240 686 sustulerit.
1275 642 1320 687 or.

136 707 187 786 71,
209 707 285 770 234.
307 703 346 768 de
366 723 410 768 or.
434 703 463 782 Ι,
485 708 629 785 22,100.
675 705 828 788 Nefarins
848 708 1002 787 fueris,
1026 707 1056 771 si
1077 708 1242 789 quicquain
1264 711 1320 773 rni-

137 790 315 856 sericordia
343 791 498 856 adductus
526 792 707 875 feceris.
754 794 846 858 Mur.
869 798 919 871 30,
944 797 996 859 02.
1026 793 1318 879 dn.II,33,107.

137 883 206 944 An.
235 877 290 958 VI,
312 881 341 960 1,
364 880 420 957 26,
460 877 537 956 VII,
560 883 612 962 17,
633 884 663 944 2.
719 880 795 945 Non
827 879 996 945 mehercule
1027 885 1095 945 tarn
1125 882 1320 962 perscribere

131 985 275 1048 possnrn,
299 985 391 1047 90000
412 964 491 1030 inibi
510 971 639 1049 9000000
659 966 842 1048 feceris,
864 969 894 1032 si
917 969 1050 1032 otiosnrn
1073 966 1214 1033 Fadium
1235 971 1320 1035 red-

137 1052 331 1119 dideris.
362 1053 442 1133 farn.
465 1052 533 1132 IX,
557 1056 611 1133 25,
635 1058 663 1118 3.

228 1225 576 1293 conditionalem
595 1227 659 1292 vim
676 1139 856 1310 imberfecti
872 1231 905 1292 et
920 1228 1227 1312 plusquamperfecti
1247 1250 1320 1296 con·

136 1314 274 1398 junctivi
296 1310 418 1378 habent
441 1332 478 1377 eo
503 1313 696 1395 discrimine,
719 1323 755 1380 ut
775 1315 830 1379 ille
849 1314 890 1379 ad
910 1334 1066 1397 praesens
1089 1317 1141 1382 hic
1163 1317 1205 1382 ad
1226 1337 1321 1400 prae·
1436 1376 1437 1380 ,

137 1402 273 1468 teritum
302 1406 430 1480 tempus
457 1401 630 1481 pertineat.
674 1401 786 1483 Neque
814 1401 847 1465 hi
870 1402 1062 1483 conjunctivi
1085 1404 1118 1467 in
1141 1405 1321 1470 coinciden-

138 1488 228 1555 tibus
251 1488 422 1554 sententiis
438 1487 622 1553 miscentur.
669 1487 823 1571 Exempla
845 1495 920 1554 sunt
942 1490 1042 1554 haec:
1066 1488 1103 1556 80
1125 1490 1322 1574 0009000000

134 1578 256 1659 facturn
279 1594 343 1640 esse
365 1574 604 1658 confiterer,
629 1624 636 1638 .
662 1625 668 1639 .
694 1624 720 1659 .,
739 1578 920 1658 faeerern
941 1577 1085 1657 irnprobe.
1121 1578 1211 1643 Mur.
1234 1582 1265 1663 3,
1288 1583 1318 1644 5.

145 1663 286 1746 Vererer,
309 1662 412 1739 eredo,
433 1681 474 1726 ne
496 1661 631 1741 turpiter
649 1663 670 1742 f
673 1682 841 1736 acerem,
864 1663 894 1726 si
918 1711 953 1727 ..
980 1714 987 1730 .
1010 1663 1164 1728 borninern
1187 1666 1322 1747 defen·
1379 1667 1381 1670 ’

138 1752 286 1816 derern.
322 1747 436 1816 Planc.
460 1751 510 1828 30,
534 1750 585 1812 72.
617 1751 694 1827 forn.
723 1749 780 1831 VI,
802 1753 851 1825 19,
874 1753 905 1814 2.
944 1750 1012 1814 Att.
1042 1749 1141 1836 VIII,
1164 1755 1320 1834 14,1.-

140 1838 178 1904 st
200 1837 411 1901 diceretur
444 1835 626 1919 ,Morietur
649 1883 656 1898 .
682 1884 688 1898 .
713 1882 721 1898 .
743 1835 886 1919 80090000,
915 1857 986 1901 oere
1008 1836 1229 1903 diceretur.
1259 1841 1321 1921 fot.

138 1928 236 2004 9,18.
262 1921 375 1991 ancil.
392 1925 482 2000 5,19.
504 1921 542 1989 Si
561 1922 609 1986 ita
631 1923 790 1988 diceres
813 1974 820 1989 .
845 1974 852 1989 .
877 1972 905 2000 .‚
926 1924 1112 2004 praeclaros
1133 1926 1215 1990 dnos
1237 1930 1322 1990 ortes

140 2012 436 2077 constitueres.
460 2010 498 2074 de
515 2029 560 2074 or.
585 2009 614 2093 I,
637 2013 689 2093 55,
711 2014 785 2075 230.
810 2032 855 2076 or.
871 2013 923 2093 41,
947 2015 1016 2075 140.
1036 2011 1139 2092 9001,
1161 2017 1191 2091 3,
1213 2015 1243 2079 7.
1264 2015 1324 2094 fat.

140 2101 192 2177 13,
213 2101 264 2163 30.
299 2096 384 2162 Ρο00.
408 2095 468 2178 IV,
491 2102 522 2179 4,
543 2099 572 2160 9.
596 2133 636 2143 -
661 2098 731 2162 Nos
752 2118 901 2181 rnopnurn
919 2099 940 2178 f
944 2099 1001 2162 eci
1010 2118 1177 2181 ssernns,
1200 2101 1231 2164 si
1252 2101 1322 2180 900-

139 2186 210 2251 dem
238 2185 520 2265 potuissemus
553 2203 611 2264 900
645 2186 861 2249 contendimus
888 2185 1064 2264 peruenire.
1109 2189 1320 2267 or.30‚105.

141 2271 343 2338 Cornrnodius
362 2271 568 2352 fecissent
583 2271 705 2336 tribuni
715 2273 829 2355 plebis,
847 2272 995 2352 Quirites,
1018 2273 1048 2336 si
1072 2323 1079 2338 .
1104 2324 1111 2339 .
1136 2323 1143 2338 .
1167 2294 1203 2337 eo
1218 2293 1322 2338 oorarn

133 2359 245 2441 potins
266 2379 314 2423 rne
329 2364 496 2439 praesente
524 2356 747 2424 dicissent.
780 2361 835 2442 009.
858 2379 927 2441 apr.
950 2358 1023 2440 ΙΙΙ,
1047 2363 1128 2441 1,1.
1154 2399 1193 2409 -
1217 2359 1254 2427 Si
1276 2381 1323 2424 rne

139 2447 253 2511 0000003
276 2453 351 2510 0003
374 2445 462 2510 30003
485 2445 724 2525 dejecisset,
755 2467 819 2511 non
840 2445 967 2528 faenilia
990 2447 1237 2531 dejecisset,
1267 2447 1323 2512 sed

140 2534 260 2616 aliquis
281 2533 319 2598 de
337 2533 477 2614 farnilio.
524 2531 611 2598 0000.
635 2537 684 2614 19,
704 2535 755 2597 55.
800 2533 842 2599 Si
864 2533 1155 2598 obnuntiasset
1176 2536 1205 2599 is
1224 2555 1321 2616 prae·

140 2626 223 2686 tor.
249 2669 256 2684 .
282 2668 309 2698 .,
331 2620 571 2700 accepisset
591 2640 644 2684 res
663 2619 793 2700 publica
808 2619 951 2703 plopurn,
982 2667 989 2684 .
1013 2669 1020 2684 .
1043 2670 1050 2684 .
1073 2622 1103 2685 si
1125 2621 1321 2686 interces-

140 2709 267 2773 sisset
291 2706 419 2791 oonlepo
441 2705 611 2789 Fabricio,
643 2707 846 2771 laesisset
875 2726 940 2771 rern
961 2707 1143 2788 publicoru,
1176 2708 1233 2772 sed
1249 2709 1323 2790 iure

142 2795 359 2860 laesisset.
405 2792 483 2857 Sest.
507 2797 558 2877 33,
583 2796 635 2859 78.
675 2793 760 2859 Verr.
786 2794 816 2873 I,
839 2799 888 2874 10,
912 2797 965 2860 27.
997 2793 1122 2878 ΙΙ,57,
1145 2798 1216 2860 140.
1253 2794 1321 2863 Oct.

142 2881 201 2961 IV,
225 2885 256 2960 4,
279 2884 309 2945 8.
343 2880 458 2945 Plane.
479 2883 530 2962 37,
553 2885 602 2946 90.
635 2880 714 2947 Sest.
737 2884 792 2957 22,
815 2883 863 2946 50.
894 2880 967 2964 009.
991 2884 1095 2960 5,14.
1123 2879 1197 2964 Dei.
1218 2885 1247 2961 6,
1271 2886 1323 2948 18.

141 2969 228 3034 Plcil.
251 2967 303 3050 II,
317 2971 371 3043 21,
385 2971 437 3034 52.
470 2966 533 3046 XI,
555 2971 585 3045 8,
600 2972 652 3033 20.
681 2973 758 3032 0030.
774 2966 804 3050 Ι,
818 2971 869 3046 34,
886 2971 937 3032 84.
959 2971 1011 3051 35,
1026 2970 1070 3032 85
1093 2968 1186 3052 (003).
1209 2972 1260 3048 35,
1268 2973 1321 3036 86.

136 3057 194 3138 dn.
210 3054 261 3135 11,
285 3059 315 3136 6,
338 3058 387 3121 19.
410 3054 494 3120 Ρο00.
518 3055 568 3132 II,
589 3059 620 3132 2,
643 3057 673 3118 3.
695 3056 733 3120 00
749 3074 794 3119 or.
818 3054 848 3129 I,
870 3057 922 3133 55,
945 3058 1019 3119 234.
1047 3054 1179 3140 Verri,
1201 3060 1251 3139 11,
1273 3060 1324 3122 31.
1452 3100 1457 3105 -

140 3143 223 3208 1000.
246 3147 277 3218 8,
293 3146 403 3206 24-
417 3142 554 3207 Praeter
576 3142 809 3208 conditionales
832 3143 1011 3208 sententias
1033 3143 1225 3225 conjunctivi
1248 3162 1322 3210 con-

142 3231 315 3297 ditionales
339 3248 411 3295 esse
434 3230 467 3293 in
487 3229 539 3294 his
561 3229 641 3295 locis
660 3229 739 3294 mihi
756 3228 923 3319 videntur:
947 3228 1097 3294 Libenter
1111 3231 1194 3295 enirn
1214 3232 1236 3312 f
1239 3250 1321 3296 oce-

141 3339 239 3390 rern.
259 3318 379 3399 frater,
402 3316 503 3398 quod
533 3316 576 3380 od
606 3316 702 3381 istoru
731 3317 904 3381 orationem
936 3322 1034 3381 tecnrn
1062 3317 1320 3398 prolaberer.

142 3405 198 3489 lep.
223 3404 253 3487 Ι,
274 3409 327 3487 20,
343 3407 396 3469 52.
429 3405 505 3487 (quo
529 3403 662 3469 deloco
686 3403 725 3469 cf.
749 3423 780 3486 p.
807 3403 872 3487 35.)
916 3402 1008 3467 Nilil
1028 3405 1205 3484 fecisset
1226 3404 1322 3469 liben-

140 3492 203 3557 tius
228 3489 285 3575 (se.
310 3490 428 3575 Sulla),
464 3510 588 3571 90000
610 3511 729 3556 ornnern
749 3491 838 3555 illam
860 3489 1058 3554 0000000000
1075 3491 1322 3572 proscriptionis

141 3599 219 3644 snae
243 3629 249 3643 .
274 3626 281 3642 .
306 3629 313 3643 .
342 3578 377 3642 in
408 3579 491 3643 lanc
522 3597 620 3641 unam
649 3578 857 3660 quaestionem
888 3576 1151 3644 contulisset.
1197 3577 1258 3644 Oln
1299 3583 1321 3643 t.

142 3668 193 3749 55,
217 3669 288 3730 151.
335 3664 438 3746 Quane
458 3665 559 3743 000000,
589 3685 676 3730 curn
697 3686 718 3728 o
741 3671 769 3729 te
791 3664 912 3748 0900300
930 3664 1050 3728 nernini
1070 3664 1235 3748 uellent,
1257 3665 1323 3729 irn-

135 3753 215 3835 ped
223 3750 341 3817 irent
361 3752 553 3817 0000000οα0
575 3757 672 3817 tnarn.
703 3752 775 3833 Lip.
800 3755 893 3833 5,15.
926 3750 1081 3832 Quomodo
1104 3757 1263 3817 autentu
1286 3751 1324 3816 de
1379 3826 1381 3830 ¹

140 3840 323 3922 republica
347 3838 620 3904 benemeritus
643 3859 767 3915 esses,
802 3857 886 3903 cun
911 3845 952 3903 tot
981 3838 1149 3904 sceleratos
1172 3838 1323 3904 incolumi

141 3928 296 4010 0009000000
318 3947 384 3992 0330
405 3927 621 3992 000003303.
657 3927 726 4010 009.
749 3929 840 4010 0,19.
862 3961 906 3973 -
928 3947 976 4006 ep.
1000 3928 1050 3992 ad.
1073 3925 1170 3991 Brut.
1194 3925 1225 4007 I,
1248 3930 1321 4006 9,1.

708 4108 738 4168 2.

229 4194 344 4260 Potest
385 4191 695 4274 conjunctivus
737 4192 770 4255 in
812 4190 1012 4258 secundariis
1048 4189 1322 4258 enuntiationibus

146 4281 244 4349 etiam
267 4281 545 4348 attractione
569 4278 708 4362 quadam
724 4279 833 4345 modi
856 4297 950 4362 quam
967 4279 1088 4359 dicum,
1111 4275 1205 4364 effici,
1228 4297 1322 4365 prae·
