2924 4904
706 351 746 412 29

134 539 219 585 uou
249 519 412 584 omniuo
439 519 528 584 siue
557 539 682 586 causa
712 520 856 586 dicimus.
888 523 948 604 fut.
971 526 1021 606 11,
1046 526 1102 588 24.
1154 522 1312 590 Gabinius

132 606 227 686 illud,
249 626 403 690 quoquo
425 607 598 672 cousilio
618 609 701 688 44444,
720 608 889 691 fecitoerte
910 629 992 676 suo.
1017 609 1311 692 marociam.

135 695 303 785 Numquid
324 701 370 761 est
392 713 515 776 causac,
537 697 624 778 quio,
647 695 676 760 si
699 697 785 779 loupe
807 696 898 760 oliter
917 698 1073 781 possedit,
1104 718 1198 778 quam
1214 721 1311 780 proe-

136 791 186 850 tor
210 784 317 861 edicit,
338 784 398 848 iste
419 803 463 848 eu
486 784 617 849 edicto
639 804 703 848 uou
720 783 923 864 possederit?
946 783 1067 864 (tuimet.
1089 789 1144 862 27,
1166 790 1220 852 84.
1270 785 1311 853 Ut

135 872 223 938 euim
247 892 377 953 aequo
400 871 567 946 doleamus,
591 892 660 936 cum
682 892 854 954 corpore
876 873 1025 937 dolemus.
1053 873 1109 953 piu.
1133 872 1161 952 1,
1184 877 1235 951 17,
1259 877 1310 938 55.

137 960 230 1042 Quod
252 960 375 1024 etiamsi
391 958 531 1039 palam
553 960 588 1023 iu
610 959 803 1041 defendendo
824 979 908 1024 mou
931 959 1009 1025 dicet
1031 960 1240 1040 Hortensius,
1263 965 1312 1024 to-

135 1069 211 1113 meu
232 1049 301 1111 itc
324 1047 423 1123 dicet,
447 1052 493 1110 ut
514 1066 567 1111 uos
589 1046 624 1110 id
644 1047 803 1127 suspicari
825 1054 853 1111 et
875 1048 1011 1130 copitare
1034 1047 1174 1128 possitis.
1226 1047 1311 1114 Verr.

137 1134 211 1215 111,
224 1138 366 1218 96‚223.
414 1132 501 1214 Quod
523 1155 570 1197 me
591 1135 636 1198 iu
656 1136 792 1216 forum
813 1154 912 1217 cocus,
935 1155 973 1199 eo
996 1154 1097 1212 cocos,
1119 1136 1202 1200 uude
1219 1135 1311 1200 etium

135 1223 228 1288 bouis
250 1222 328 1286 meis
349 1221 442 1285 rebus
463 1221 633 1303 t'upiebam.
657 1223 725 1286 Att.
741 1221 827 1304 XII,
845 1226 899 1306 21,
912 1225 941 1287 5.
988 1221 1065 1286 Cum
1087 1223 1133 1287 iu
1150 1230 1312 1303 portum

136 1312 224 1390 dico,
241 1309 365 1390 iudices
388 1359 395 1372 .
419 1354 426 1370 .
449 1357 456 1371 .
478 1311 522 1372 iu
543 1309 676 1373 urbem
701 1310 768 1374 dieo
791 1314 882 1391 atque
903 1310 938 1374 iu
960 1309 1048 1373 urbis
1068 1310 1212 1374 intimam
1229 1331 1311 1391 par·

136 1403 199 1463 tem
221 1399 344 1462 acuisse
362 1397 500 1476 piratas.
529 1395 614 1460 Verr.
643 1396 675 1475 V,
697 1401 749 1474 37,
771 1401 821 1461 96.
869 1395 947 1462 Cum
969 1397 1005 1460 iu
1028 1395 1199 1461 Italiam
1222 1417 1313 1462 acue-

136 1486 215 1568 riut,
238 1485 388 1549 domum
409 1484 518 1548 statim
540 1485 689 1548 cauerint.
722 1483 790 1548 Att.
818 1482 880 1567 XI,
904 1488 934 1568 7,
957 1489 986 1548 4.
1031 1484 1105 1548 Eril
1135 1486 1218 1550 euim
1244 1505 1314 1549 me-

138 1594 240 1656 eum,
262 1573 292 1637 si
314 1577 439 1638 tecum
461 1573 529 1635 erit.
565 1571 622 1651 piu.
652 1571 762 1652 1228,
785 1575 838 1635 86.
883 1571 919 1637 Si
948 1573 1001 1652 qui
1030 1592 1129 1636 meam
1152 1572 1312 1656 familiam

138 1662 184 1726 dc
207 1680 286 1724 meo
306 1658 446 1740 fundo
469 1658 627 1742 dejecerit,
659 1679 708 1722 ecc
731 1680 774 1722 co
796 1679 843 1722 me
865 1659 950 1723 loco
972 1659 1125 1740 deiecerit.
1162 1660 1310 1739 044430,

139 1752 185 1814 87
209 1746 255 1833 (in
276 1746 336 1812 hoc
361 1747 430 1812 loco
454 1765 516 1810 non
539 1747 643 1812 solum
665 1746 836 1824 adverbia,
871 1746 929 1810 sed
952 1745 1104 1812 differunt
1135 1748 1233 1813 etiam
1256 1745 1311 1812 ob-

136 1836 250 1918 jecta).
308 1834 386 1899 Cum
417 1833 472 1898 tibi
504 1833 541 1897 de
574 1833 764 1898 Curtilio
795 1833 910 1913 sampsi
941 1833 1174 1915 Sextilianoque
1200 1833 1312 1917 fuudo,

138 1923 256 2004 scripsi
278 1922 316 1986 de
338 1920 525 2002 Censorino,
558 1920 595 1984 de
617 1921 789 1998 Messalla,
811 1921 848 1985 de
870 1920 1001 1998 Planco,
1023 1922 1060 1986 de
1082 1922 1247 2003 Postumo,
1270 1922 1315 1986 dc

138 2029 289 2094 periero
312 2013 396 2074 toto.
429 2007 497 2072 Au.
524 2006 623 2085 XIV,
648 2014 694 2086 10,
716 2015 749 2074 2.
798 2007 875 2075 Cum
899 2007 936 2072 de
959 2029 1088 2074 causa
1111 2011 1237 2087 dixero,
1268 2009 1313 2072 iu

141 2119 204 2180 qua
226 2099 308 2161 iucst
333 2097 544 2177 propositum,
576 2097 614 2160 de
636 2102 807 2178 utroque
829 2096 948 2160 dicero.
980 2103 1068 2177 part.
1093 2117 1138 2161 44.
1161 2102 1193 2180 3,
1215 2102 1244 2161 9.
1270 2131 1313 2142 —

142 2185 197 2251 Eu
219 2185 270 2249 lois
291 2185 389 2266 ipitur
422 2183 481 2266 (sc.
508 2183 662 2268 bestiolis,
692 2205 771 2265 quoe
797 2205 896 2247 uuum
925 2183 1006 2249 diem
1031 2183 1177 2269 ciouut),
1208 2183 1314 2248 bora

142 2278 292 2339 octaua
314 2292 392 2352 quoe
414 2276 539 2336 mortua
562 2277 616 2353 cst,
632 2276 834 2352 prouecta
857 2276 995 2336 cetcto
1014 2277 1137 2337 mortuo
1160 2275 1213 2339 cst.
1237 2275 1312 2337 tusc.

142 2361 172 2441 I,
195 2365 248 2437 39,
272 2363 322 2424 94.

232 2533 396 2612 Quarta
419 2551 516 2614 pars
539 2540 590 2599 eet
612 2533 752 2616 reliqua,
783 2534 816 2598 in
840 2552 902 2615 qua
925 2534 1159 2600 sententiarum
1181 2531 1312 2598 diffe-

143 2623 307 2688 rentiae
334 2622 517 2686 indicantur
547 2621 745 2700 nominibus,
778 2622 827 2686 vel
856 2622 1026 2703 adjectivis
1055 2622 1106 2686 vel
1135 2619 1314 2702 participiis

144 2712 195 2775 vel
208 2708 429 2787 substantivis,
453 2727 535 2790 quae
559 2709 904 2789 praedicatorum
928 2711 1014 2775 locos
1031 2707 1185 2774 obtinent.
1232 2706 1316 2785 Quo-

146 2816 217 2864 rum
240 2799 272 2860 in
301 2795 425 2861 duobus
457 2796 627 2877 participia
658 2808 884 2877 comparantur
915 2815 987 2862 cum
1018 2795 1189 2861 adverbiis
1235 2795 1315 2859 Dico
1444 2828 1446 2831 ·

146 2884 245 2950 haec:
281 2884 368 2949 Satis
391 2889 419 2947 te
441 2890 606 2948 mature
627 2884 749 2961 uidero,
783 2885 812 2948 si
832 2884 932 2964 plume
953 2885 1249 2965 confirmatum
1271 2881 1316 2945 vi·

145 2973 227 3037 dero.
258 2972 334 3051 fam.
359 2968 454 3053 XVI,
477 2976 507 3048 4,
530 2974 559 3034 1.
608 2971 717 3052 Quid?
743 2991 811 3036 eum
829 2973 898 3054 jum
920 2971 1048 3036 rebus
1078 2969 1317 3035 transactis

146 3064 181 3124 et
196 3058 455 3140 praeteritis
485 3059 642 3122 orationes
673 3059 854 3136 scribimus,
885 3074 961 3123 uum
991 3060 1097 3123 irati
1125 3057 1319 3123 scribimus?

147 3152 221 3211 tuso.
245 3145 303 3224 IV,
325 3149 378 3225 25,
401 3147 452 3209 55.
497 3146 533 3208 In
555 3146 689 3228 reliquis
712 3147 768 3211 illa
790 3146 934 3225 nomina,
968 3145 1083 3228 quibus
1114 3144 1315 3212 differentiae

148 3233 376 3316 exprimantur,
400 3233 443 3296 im
463 3232 625 3314 primariis
647 3237 773 3298 tantum
796 3235 964 3300 sententiis
987 3239 1124 3300 exstant.
1169 3233 1266 3298 Nunc
1288 3231 1320 3296 si

147 3323 216 3404 quis
239 3321 298 3402 (so.
322 3321 431 3403 casus)
455 3322 532 3405 erit,
555 3322 615 3385 erit
637 3321 915 3386 uoluntarius.
947 3322 1031 3387 Plil.
1048 3321 1103 3399 VI,
1116 3325 1144 3399 7,
1156 3325 1206 3386 19.
1253 3319 1318 3400 Quo

147 3411 180 3473 iu
202 3409 278 3474 bello
300 3409 329 3472 si
347 3410 414 3490 fuit
435 3428 533 3487 error,
568 3411 799 3473 communis
828 3410 856 3474 ei
882 3410 948 3490 fuit
977 3430 1045 3474 cum
1066 3414 1186 3473 seuatu.
1232 3406 1318 3471 Ploil.

149 3497 212 3575 XI,
234 3501 284 3572 13,
306 3499 357 3561 34.
405 3494 595 3578 Charybdim
619 3496 714 3562 dico?
744 3518 822 3578 quae
843 3498 872 3561 si
890 3498 969 3578 f'uit,
1002 3496 1159 3561 auimol
1192 3513 1319 3559 uuum

143 3585 216 3665 fult.
241 3583 326 3647 Pbll.
350 3580 399 3659 II,
422 3587 477 3665 27,
501 3587 552 3648 67.
599 3582 804 3666 Quaecumque
832 3605 919 3653 444444,
948 3583 1008 3648 4444
1034 3586 1112 3666 tuit,
1149 3581 1321 3648 Gabinii

144 3672 217 3753 suit,
246 3670 326 3734 Ilab.
350 3668 436 3734 Post.
460 3673 490 3749 8,
514 3675 567 3735 21.
624 3670 722 3754 Cujus
755 3672 814 3753 (sc.
842 3672 1010 3736 locutiom's
1042 3670 1195 3755 Lotiuoe)
1224 3687 1320 3752 peaes

147 3779 222 3840 quos
245 3759 317 3823 laus
336 3758 436 3822 adbuc
454 3758 528 3839 fuit,
550 3779 616 3822 uou
636 3760 702 3841 fuit
723 3760 909 3823 rctiouis
932 3766 1004 3824 out
1025 3761 1244 3836 4444444444,
1267 3755 1321 3821 sed

148 3847 239 3928 quasi
262 3846 629 3928 loupcecousuetudiuis.
655 3846 749 3910 Brut.
760 3851 813 3922 74,
824 3849 899 3912 258.
926 3846 964 3912 Si
986 3848 1062 3928 quid
1080 3849 1219 3928 t'eciums,
1242 3848 1322 3910 certe

148 3933 529 4013 iratiuoufecimus.
564 3938 639 3999 tusc.
662 3934 723 4012 IV,
745 3939 801 4011 23,
825 3938 877 3999 52.
930 3934 1106 4000 Oocctus
1142 3935 1261 4011 dicam,
1292 3932 1322 3996 si

148 4021 223 4103 quid
242 4021 324 4101 forte
345 4020 458 4086 dicam.
486 4020 566 4085 Tull.
588 4024 618 4086 5.
665 4019 789 4100 Omma,
812 4043 890 4103 quoe
913 4022 982 4087 dico
1004 4023 1042 4087 de
1064 4022 1216 4105 Ploucio,
1250 4020 1320 4085 dico

150 4113 366 4189 oupertus
392 4108 437 4171 iu
467 4109 604 4173 uobis.
640 4109 752 4175 Plcuc.
770 4115 799 4194 9,
814 4114 872 4175 22.
918 4109 1069 4191 subjecta
1091 4110 1125 4174 in
1147 4110 1198 4174 his
1220 4107 1320 4174 omui-

150 4193 208 4263 bus
239 4195 352 4261 eudem
385 4195 647 4262 secundariarum
678 4205 775 4279 utque
807 4198 1033 4278 primariarum
1065 4196 1320 4263 enuntiationum

151 4282 361 4352 inveniuntur.
406 4281 589 4352 Similitudo
621 4286 779 4368 quaedam
806 4289 857 4352 est
886 4284 999 4352 horum
1022 4285 1164 4354 locorum
1187 4303 1259 4354 cum
1280 4284 1321 4352 iis
