2924 4904
707 307 768 371 102

108 435 111 438 Ι
145 478 222 625 {argu
251 474 281 627 tii
316 474 395 558 laci,
436 474 490 557 qui
526 475 735 543 indicativam
772 482 870 560 atque
909 479 952 559 ii,
1000 477 1055 561 qui
1092 478 1329 562 conjunctivam

168 579 275 627 aen.

233 734 561 819 Oonjunctivum
592 741 700 802 autem
722 670 763 802 In
793 738 844 804 his
867 738 948 806 loeis
971 738 1212 822 agnoscendum
1233 743 1328 821 puto:

145 820 231 902 Quae
262 823 320 907 (sc.
344 822 448 907 arma)
480 824 534 904 qui
565 843 629 888 uou
662 824 904 907 habuerint,
940 845 989 891 eas
1017 826 1155 891 inermes
1186 827 1330 908 fuIsse

142 908 257 974 viuces.
316 908 404 974 Gaea.
434 914 495 987 21,
530 914 579 975 60.
630 909 873 993 Deteudeudum
907 913 964 995 sit,
999 933 1088 996 eum,
1123 913 1179 994 qui
1217 912 1330 994 pulsus

139 997 401 1079 stipatusque
431 997 512 1079 sit,
545 1018 611 1062 uau
633 1018 723 1063 esse
755 1000 965 1081 dejectum.
994 999 1035 1064 id.
1055 1003 1110 1079 23,
1135 1003 1188 1063 64.
1225 999 1329 1064 Osteu·

44 1109 49 1115 ·
142 1081 194 1147 det
216 1128 224 1143 .
247 1132 255 1148 .
279 1134 285 1148 .
310 1084 538 1166 quodminus,
570 1105 663 1167 quam
685 1087 870 1170 conuenerit,
889 1088 1049 1168 fartum
1069 1087 1151 1163 sit,
1180 1087 1276 1168 eaipa
1297 1085 1329 1150 id

141 1170 275 1236 alterius
306 1171 392 1235 6665
400 1170 523 1236 disse.
563 1173 627 1237 566.
651 1172 709 1256 ΙΙ,
731 1179 794 1256 29,
817 1177 870 1239 89.
916 1172 1078 1256 Quidquid
1098 1173 1214 1254 6565655,
1244 1173 1329 1237 baue-

139 1258 224 1340 ticii,
257 1259 388 1323 taxaris
421 1258 456 1322 iu
484 1257 682 1324 Geautieium
716 1261 987 1340 6665656656,
1019 1259 1055 1324 565
1088 1265 1118 1324 56
1150 1260 1330 1325 existimabo

142 1347 179 1410 iu
211 1366 262 1425 me
294 1347 398 1426 ipsum
428 1350 520 1428 atque
549 1347 585 1410 56
615 1367 680 1411 rem
702 1367 802 1412 meam
834 1347 1078 1412 eautuiisse.
1120 1347 1200 1427 fam.
1225 1345 1329 1428 XIII,

145 1435 197 1510 53,
221 1437 254 1499 2.
302 1432 462 1514 Quidquid
480 1434 502 1515 f
505 1432 656 1512 exeris,
690 1433 919 1500 ideumreete
941 1433 1124 1500 tumetium
1144 1453 1215 1499 mea
1236 1452 1329 1498 eausa

138 1520 292 1601 {aetum
315 1518 445 1599 putabo.
500 1521 570 1585 Att.
603 1520 697 1602 XII,
727 1523 785 1605 18,
816 1524 847 1586 4.
891 1521 969 1587 ErIt
1000 1521 1084 1585 euim
1116 1519 1207 1585 uobis
1239 1520 1328 1585 5666-

141 1607 238 1689 stius,
272 1608 367 1670 etiam
398 1606 563 1671 cumdius
593 1607 944 1693 discesserimus,
975 1608 1079 1672 uideri
1109 1608 1276 1672 remisse
1296 1607 1330 1671 iu

139 1693 199 1757 itta
226 1694 292 1758 5666
308 1693 475 1774 ploratum
498 1695 611 1775 patius
633 1715 727 1776 quam
749 1700 906 1760 mutatum.
947 1697 1026 1778 fam.
1048 1693 1117 1777 IX,
1139 1698 1172 1772 2,
1197 1698 1226 1759 5.
1272 1692 1330 1774 Qui

142 1780 284 1846 homiues
316 1787 382 1846 tam
409 1788 564 1863 aprestes,
596 1784 650 1862 qui
681 1802 731 1864 se,
764 1802 833 1846 eum
861 1802 913 1847 eas
935 1782 1237 1862 adspexerint,
1266 1800 1329 1846 aaa

138 1868 311 1933 maximum
339 1869 505 1948 cepisse
538 1869 623 1933 65566
653 1869 793 1950 fructum
823 1871 970 1950 puteut?
1013 1867 1100 1933 Pttt.
1123 1867 1176 1944 II,
1199 1871 1256 1951 13,
1278 1867 1340 1931 33.

137 1954 302 2021 Desiuaut
336 1956 438 2021 diaere
470 1955 552 2021 male
581 1955 717 2037 utiquam
755 1956 767 2020 5
777 1963 934 2021 oeutum
970 1975 1077 2038 esse,
1111 1955 1143 2019 si
1175 1954 1231 2036 qui
1263 1973 1329 2018 rere

139 2062 176 2107 66
208 2042 302 2107 tibere
334 2043 495 2108 loeutus
525 2043 594 2106 sit.
648 2043 739 2108 Rasa.
772 2045 846 2108 Am.
880 2047 940 2127 48,
973 2047 1049 2107 140.
1100 2041 1171 2106 Η66
1199 2059 1329 2121 possum

137 2129 258 2208 dicere,
291 2149 339 2193 me
361 2179 368 2195 .
394 2176 434 2196 ..
467 2129 548 2193 satis
582 2129 783 2210 adeptum
812 2132 935 2213 fore,
968 2129 998 2193 si
1029 2128 1266 2193 exhortaute
1295 2127 1328 2191 iu

137 2217 240 2281 amuis
270 2215 418 2281 mortalis
447 2214 592 2297 66665656
623 2215 748 2280 muttum
777 2215 814 2281 iu
844 2237 893 2281 me
916 2215 1097 2297 perieulum
1125 2213 1329 2279 re'duuda·

137 2304 204 2369 rit.
249 2301 329 2370 sau.
358 2307 396 2382 9,
426 2307 469 2368 27
506 2303 563 2386 (et.
580 2323 616 2384 p.
639 2306 692 2367 98.
712 2303 759 2386 4).
812 2301 1105 2368 Demaustraudum
1133 2300 1194 2366 erit
1227 2302 1329 2383 defeu-

138 2393 206 2456 6665
229 2437 235 2450 .
261 2438 269 2454 .
292 2438 300 2455 .
322 2389 352 2454 si
374 2390 596 2471 dubitarit,
630 2409 770 2454 summae
788 2390 929 2471 fuisse
952 2389 1117 2454 ameutiae.
1141 2389 1207 2452 ima.
1229 2387 1278 2467 II,
1299 2391 1327 2465 8,

138 2481 194 2544 27.
239 2475 291 2542 Ne
427 2497 528 2542 meum
570 2476 676 2542 laudet
716 2477 896 2559 iupeuium,
938 2497 1007 2542 cum
1048 2475 1155 2558 dieat,
1192 2495 1329 2539 me...

141 2565 218 2648 6656
249 2583 314 2628 uau
344 2563 544 2646 dixerim,
573 2563 820 2646 perdidisse
843 2566 901 2646 (se.
926 2581 1010 2647 eum,
1034 2581 1127 2644 quem
1151 2567 1266 2627 eontra
1288 2560 1330 2625 di·

144 2651 274 2733 cerem).
303 2650 391 2718 Verr.
415 2651 445 2735 I,
468 2654 498 2734 9,
519 2655 573 2717 24.
596 2652 661 2715 iux.
685 2650 735 2729 II,
757 2655 809 2734 33,
832 2655 903 2716 191.
925 2653 978 2733 35,
1000 2654 1072 2715 196.
1098 2648 1186 2713 Gaea.
1208 2651 1259 2728 16,
1282 2652 1330 2712 46.

140 2743 196 2819 23,
219 2742 271 2803 64.
306 2737 421 2804 Ρ5666.
444 2742 495 2815 18,
517 2742 570 2801 44.
606 2738 692 2802 Pau.
716 2737 765 2819 H,
788 2742 818 2816 3,
842 2742 872 2803 5.
902 2737 970 2801 Att.
995 2735 1090 2814 XIV,
1113 2739 1165 2818 13,
1189 2734 1329 2799 315666.

142 2825 390 2905 Α66.48,149.
425 2825 536 2890 066655.
558 2828 612 2903 22,
634 2827 686 2888 73.
729 2824 815 2889 Verr.
839 2824 911 2902 ΙΙΙ,
934 2826 985 2902 95,
1007 2828 1081 2890 229.
1120 2821 1183 2886 dix.
1209 2821 1261 2901 II,
1284 2824 1330 2898 53,

145 2916 217 2980 108.
247 2913 328 2993 fam.
353 2910 430 2994 XV,
453 2916 484 2996 4,
507 2916 555 2976 11.
585 2913 639 2995 (at.
663 2931 736 3063 666,
759 2910 862 2977 066555
881 2912 960 2993 fam.
990 2909 1080 2991 VIII,
1104 2913 1136 2988 8,
1160 2914 1192 2975 6.
1215 2913 1267 2986 16,
1289 2906 1330 2992 5).

234 3084 511 3152 Indieativus
534 3084 673 3152 futuri
696 3086 840 3152 exacti
868 3085 902 3149 in
924 3085 975 3151 his
998 3083 1079 3149 16656
1100 3081 1180 3146 mihi
1202 3081 1325 3147 videtur

145 3177 294 3238 exstare:
328 3170 500 3254 Numquam
530 3192 602 3236 sero
635 3179 664 3237 te
695 3172 860 3237 aeuisse
889 3170 1029 3254 putabo,
1060 3169 1097 3233 si
1132 3168 1244 3233 satius
1271 3189 1329 3232 66·

145 3260 281 3326 ueris.
311 3258 389 3339 fam.
422 3257 523 3340 XVI,
551 3262 613 3333 12,
637 3265 666 3325 6.
714 3258 830 3324 Omuia
862 3280 883 3322 a
915 3263 946 3322 56
976 3258 1072 3323 data
1101 3255 1181 3320 mitri
1204 3254 1331 3336 putata,

147 3349 177 3413 si
199 3346 407 3412 tepidare.
440 3349 519 3427 tam.
545 3345 641 3428 XVI,
664 3350 714 3410 13.
760 3346 798 3412 Si
827 3367 847 3409 6
870 3345 1021 3423 Caesare,
1052 3342 1136 3425 quod
1162 3360 1331 3422 speramus,

148 3434 477 3518 impetrarimus,
501 3439 555 3498 tuo
578 3432 723 3514 56665656
745 3453 805 3498 uas
826 3433 861 3499 id
883 3435 1059 3497 eausamtas
1080 3449 1147 3494 esse
1153 3430 1332 3512 judicemus.

145 3524 222 3605 fam.
248 3519 354 3600 XIII,
379 3523 408 3605 7,
432 3523 462 3586 5.
496 3520 568 3604 Epo
590 3520 620 3584 si
642 3520 794 3584 homiuem
809 3540 872 3601 per
895 3526 924 3584 te
945 3517 1196 3600 reciperare,
1219 3534 1332 3580 summa

147 3630 196 3674 me
229 3630 250 3674 6
283 3614 312 3674 56
345 3608 489 3690 beneficio
522 3608 728 3690 affectum
761 3606 948 3672 arbitrabar.
984 3604 1034 3669 ib.
1066 3602 1181 3684 XIII,
1216 3606 1275 3680 77,
1304 3605 1332 3664 3.

149 3697 187 3765 St
209 3696 389 3761 licuerit
411 3696 469 3780 (sc.
494 3693 624 3760 decerni
645 3692 772 3773 libere),
797 3692 973 3760 libertatem
997 3709 1089 3754 esse
1111 3709 1332 3770 reeupera-

149 3790 226 3849 tam
258 3782 404 3847 56656666.
447 3780 517 3847 Att.
544 3781 641 3860 XIV,
664 3786 721 3861 14,
745 3786 777 3845 4.
827 3781 875 3845 Tu
911 3781 974 3845 aim
1006 3776 1134 3859 uepabis
1165 3777 1333 3869 fartam,¹

149 3872 181 3937 si
217 3870 328 3934 caedes
367 3873 397 3933 et
435 3869 545 3934 oeeisia
581 3870 699 3951 faeta
736 3888 800 3933 uau
834 3867 940 3933 erit?
992 3865 1080 3931 0666.
1115 3867 1171 3946 14,
1205 3867 1255 3927 41.
1302 3860 1334 3957 Si

150 3965 180 4024 te
197 3958 276 4041 jam,
300 3954 452 4038 Outitiua,
474 3955 699 4035 eompreteudi,
721 3956 751 4020 si
773 3955 908 4037 iutertiei
926 3955 1124 4036 jussero,
1149 3950 1257 4034 ereda,
1279 3950 1333 4012 erut

151 4046 321 4110 emendum
342 4044 430 4124 miti,
452 4062 492 4106 ue
513 4061 579 4107 uam
601 4042 656 4107 566
671 4043 784 4123 patius
805 4063 910 4108 ammes
931 4039 1120 4106 bauiserius
1133 4059 1153 4101 6
1165 4058 1222 4116 me,
1245 4052 1332 4118 quam

153 4134 321 4215 qumquam
352 4129 511 4196 crudelius
541 4129 696 4210 factum
729 4149 813 4195 esse
845 4130 941 4195 dieat.
990 4126 1058 4193 065.
1081 4125 1116 4208 Ι,
1146 4129 1188 4202 2,
1212 4127 1243 4188 5.
1274 4121 1331 4186 Ρο-

154 4219 272 4284 terisue
292 4218 396 4284 dicere
427 4217 630 4300 dejectum
664 4237 750 4283 esse
770 4238 858 4302 eum,
891 4218 945 4300 qui
976 4218 1112 4280 taetus
1140 4231 1208 4277 uau
1229 4206 1332 4276 erit?
