2924 4904
704 368 745 429 53

121 539 182 601 ter
202 536 296 617 facis,
320 543 365 604 est
386 538 423 603 id
443 538 565 621 qnidam
587 557 745 620 napnurn.
781 539 859 618 farn.
882 535 1021 618 1Χ,15,
1044 541 1072 602 1.
1120 537 1209 618 Qnod
1224 537 1312 620 jndi-

120 623 217 688 aiam
242 673 249 688 .
274 668 282 686 .
305 674 313 689 .
335 627 372 691 dc
394 625 613 707 conpromisso
632 626 754 706 facturn
776 630 860 704 nat,
895 645 964 689 earn
986 624 1062 688 cinis
1085 623 1313 706 Centuripinus

119 710 217 776 inter
239 711 320 777 dnos
345 713 426 777 ciaes
448 712 672 796 diiudicasset,
702 712 735 776 id
757 711 885 776 irritum
909 711 1012 794 jussit
1039 732 1112 776 esse.
1153 711 1239 777 Verr.
1261 711 1313 796 ΙΙ,

119 801 183 882 27,
208 803 261 864 66.
307 799 392 879 ane
417 799 652 880 Theophrastus
681 799 718 863 de
745 800 893 879 fortuna,
925 798 1104 877 dotatore,
1134 798 1172 863 de
1195 800 1314 864 erneia·

119 889 163 948 tn
189 887 332 966 corporis
353 887 446 967 dinit,
470 907 540 951 can
561 886 675 967 quibas
693 886 843 968 conjunpi
857 887 954 949 nitarn
970 885 1091 949 beatam
1114 885 1202 950 natio
1223 887 1313 951 niodo

119 992 220 1052 posse
239 974 381 1055 pntaoit,
413 994 521 1039 uereor
552 994 593 1038 ne
618 994 694 1038 aera
720 973 796 1037 sint.
829 974 886 1054 fin.
915 972 951 1055 V,
973 977 1026 1052 26,
1052 975 1169 1036 71-
1193 973 1311 1039 Omnes

119 1059 191 1125 has
215 1061 396 1126 sententias
421 1061 531 1126 decem
554 1061 684 1142 proprie
708 1060 926 1125 coincidentes
949 1078 1013 1125 non
1036 1059 1180 1125 dixerim.

220 1233 296 1299 Jam
317 1235 400 1300 hanc
416 1235 571 1301 orationis
587 1239 724 1316 partem,
748 1253 829 1316 quae
853 1239 905 1300 est
928 1235 967 1299 de
992 1238 1106 1316 quarto
1131 1235 1310 1301 coinciden-

124 1320 214 1385 tium
238 1323 472 1387 sententiarum
494 1341 610 1404 genere
634 1321 792 1386 latissime
814 1321 957 1404 patenti,
990 1322 1021 1385 in
1052 1339 1113 1402 quo
1141 1321 1311 1388 verborum

124 1407 222 1472 nulla
253 1413 304 1472 est
334 1409 510 1474 similitudo
542 1408 597 1492 (cf.
622 1429 652 1490 p.
679 1408 749 1490 39),
784 1408 824 1472 ad
854 1407 950 1473 finem
979 1408 1176 1490 perduxero,
1210 1410 1238 1474 si
1262 1410 1311 1475 de

124 1492 346 1576 subJ'ectis
376 1515 478 1577 pauca
509 1496 666 1577 adjecero.
722 1498 827 1577 Atque
850 1501 886 1560 ut
909 1496 941 1559 in
965 1494 1184 1576 superioribus
1213 1516 1311 1580 gene·

126 1579 222 1646 ribus
245 1581 360 1661 tribus,
392 1583 493 1648 sicin
516 1584 576 1648 boc
600 1600 725 1664 quoque
749 1581 895 1663 subJ‘ecta
920 1583 1033 1647 eadem
1057 1583 1163 1647 solent
1185 1601 1257 1648 esse
1279 1585 1313 1649 in

127 1668 296 1749 primariis
320 1676 354 1734 et
376 1670 576 1735 secundariis
593 1668 877 1734 enuntiationibus.
927 1671 1055 1750 Aliquot
1078 1676 1186 1734 autem
1209 1670 1243 1734 in
1265 1671 1312 1736 lo-

128 1756 177 1820 cis
201 1774 273 1820 cum
296 1755 466 1822 verborum
490 1757 601 1822 formis
625 1757 753 1821 diversa
783 1756 965 1821 indicentur
987 1755 1150 1837 subjecta,
1183 1762 1311 1823 senten-

128 1842 187 1907 tiis
210 1846 319 1908 tamen
342 1844 565 1924 intelliguntur
589 1844 711 1909 eadem.
766 1843 863 1924 CuJus
887 1843 1014 1924 quidem
1037 1843 1084 1907 rei
1109 1846 1257 1924 quoniam
1279 1846 1311 1908 in

130 1929 355 2010 superioribus
379 1930 551 2012 generibus
574 1931 695 2011 passim
719 1928 781 1994 feci
804 1930 1014 2006 mentionem,
1038 1949 1142 2010 pauca
1166 1932 1312 2012 exempla

130 2016 238 2081 attuli.
285 2017 366 2081 Plus
388 2018 445 2082 tibi
459 2018 562 2082 oirtns
586 2025 641 2081 tna
663 2017 748 2082 dedit
772 2017 804 2098 (i.
823 2035 850 2081 e.
870 2018 990 2082 virtute
1006 2022 1119 2082 nactus
1135 2016 1195 2102 es),
1218 2038 1313 2098 quarn

127 2104 262 2183 fortuna
285 2104 414 2169 abstulit
438 2105 472 2186 (i.
498 2125 524 2170 e.
548 2103 679 2170 fortuna
702 2104 865 2185 amisisti),
884 2110 1055 2184 propterea
1077 2105 1159 2184 qnod
1181 2105 1313 2186 adartas

130 2209 172 2266 es,
196 2191 279 2271 qnod
300 2212 364 2256 non
383 2191 474 2256 anniti
490 2193 630 2257 bonrines
646 2191 729 2265 noni,
753 2191 899 2268 ornisisti,
922 2212 1001 2272 qnae
1015 2191 1154 2272 pinnini
1175 2191 1313 2256 bornirres
1354 2190 1356 2194 ’

130 2277 332 2342 nobilissimi.
361 2278 492 2361 sarni<
516 2283 567 2355 18,
591 2283 610 2342 1
641 2279 686 2361 (in
709 2278 760 2343 bis
784 2297 881 2342 unum
911 2276 1091 2360 subJectum
1120 2278 1312 2359 intelligitur

132 2362 236 2449 „tu“).
282 2366 505 2446 Philosophiae
532 2365 797 2446 vituperatoribus
825 2365 905 2428 satis
931 2385 1118 2447 responsura
1142 2370 1187 2429 est
1210 2367 1267 2448 (sc.
1293 2387 1312 2431 a

131 2450 260 2534 nobis),
291 2473 324 2517 eo
354 2453 433 2517 libro
462 2472 521 2535 qno
545 2475 565 2516 o
588 2453 677 2516 rrobis
694 2451 895 2532 pbilosopiia
916 2453 1047 2532 defensa
1072 2457 1100 2515 et
1123 2452 1312 2517 conlaudata

130 2543 186 2602 est.
207 2540 264 2620 fin.
287 2539 316 2621 1,
340 2545 368 2623 1,
390 2545 415 2605 2
438 2538 632 2624 (subjectum
654 2539 846 2620 intelligitur
870 2537 992 2622 „nos“).
1040 2539 1158 2619 Quibus
1178 2541 1208 2602 si
1230 2540 1312 2604 nillil

130 2626 362 2705 responderent,
392 2628 457 2691 nisi
478 2647 527 2690 rae
550 2626 599 2690 M.
625 2626 730 2690 Brnto
752 2647 869 2709 nepare
889 2627 1019 2709 repenti
1041 2627 1193 2705 noluisse,
1219 2628 1312 2709 justa

131 2712 562 2794 anteponerentur,
586 2717 649 2778 140
682 2715 715 2795 (i.
739 2732 765 2777 e.
793 2714 882 2794 juste
913 2733 963 2779 me
987 2713 1198 2794 excusarem).
1243 2713 1311 2776 Fa·

132 2799 190 2863 cite
212 2799 373 2864 indicabat
393 2802 467 2882 ipsa
488 2806 607 2864 natura
628 2801 692 2864 nino
714 2820 804 2863 saara
830 2800 863 2881 (i.
879 2820 906 2863 e.
929 2801 1073 2866 homines
1090 2806 1226 2865 naturae
1249 2801 1311 2866 vim

130 2886 351 2967 imprudentes
376 2887 598 2969 indicabant),
629 2907 699 2952 curn
720 2887 874 2968 honines,
907 2888 988 2967 qnod
1015 2889 1121 2968 facere
1149 2888 1216 2968 ipsi
1247 2907 1312 2951 non

123 2978 265 3054 possent,
287 2975 321 3039 id
343 2980 424 3040 reete
443 2975 515 3057 [ieri
536 2975 572 3039 in
596 2975 693 3039 nitere
711 2975 902 3056 indicarent.
928 2974 1016 3039 Lael.
1031 2976 1060 3054 7,
1073 2979 1128 3039 24.
1174 2974 1210 3041 Si
1232 2995 1313 3056 qnae

130 3065 158 3124 tc
176 3062 261 3140 forte
283 3082 333 3126 res
355 3061 528 3142 aliqnando
551 3061 729 3142 offenderit,
760 3081 830 3124 anni
858 3061 912 3124 iile
942 3065 999 3126 ant
1028 3063 1227 3141 occupatione
1256 3069 1312 3126 ant

130 3147 318 3229 difficaltate
340 3151 461 3214 tardior
484 3149 540 3213 tibi
563 3149 741 3230 erneisus,
756 3147 1199 3233 perser·to.fani.VII,17,2
1222 3148 1310 3234 (sub-

128 3234 251 3315 J'ectum
273 3236 465 3318 intelligitur
490 3233 566 3320 „tu“
590 3236 651 3300 hoc
674 3234 742 3300 fere
762 3236 873 3299 modo:
907 3236 956 3320 „si
979 3255 1075 3318 quam
1105 3234 1189 3301 forte
1213 3235 1311 3302 offen-

132 3321 254 3386 sionem
278 3323 453 3405 acceperis,
477 3342 549 3388 cum
571 3323 662 3388 illum
686 3373 693 3388 .
713 3373 740 3388 ..
764 3323 942 3388 tardiorem
964 3321 1129 3398 videris).
1174 3323 1211 3390 Si
1233 3345 1312 3405 qnae

130 3413 247 3473 oetnes
269 3410 320 3474 illi
344 3458 350 3472 .
378 3460 384 3474 .
409 3459 416 3474 .
437 3429 599 3475 numerose
623 3458 630 3472 .
654 3461 660 3475 .
686 3460 692 3474 .
716 3410 884 3490 dicerunt,
916 3431 952 3474 ea
982 3429 1046 3474 non
1070 3429 1196 3474 nurnero
1219 3431 1312 3491 qnae·

130 3495 199 3578 sito,
222 3497 277 3560 sed
298 3497 461 3562 nabornrn
484 3497 691 3562 conlocatione
714 3497 897 3561 coenannt.
923 3496 976 3560 Or.
1000 3500 1050 3579 65,
1073 3500 1139 3561 219
1163 3496 1196 3582 (i.
1221 3516 1247 3561 e.
1272 3517 1311 3563 ea

131 3583 223 3664 quusi
245 3584 339 3648 inviti
361 3604 530 3650 numerose
554 3585 727 3666 dixerunt).
753 3585 906 3648 —Idem
929 3583 1164 3666 quodammodo
1188 3585 1308 3671 intelli-

131 3669 216 3752 gitur
234 3669 416 3752 subJectum
433 3673 530 3736 etiam
548 3679 625 3753 tum,
649 3690 720 3736 cum
743 3676 879 3752 utraque
903 3672 1065 3737 sententia
1085 3691 1143 3753 pro
1165 3671 1311 3752 imper-

132 3758 286 3837 sonali,
310 3777 406 3840 quam
428 3759 537 3824 dicunt
561 3758 775 3842 grammatici,
800 3763 909 3839 potest
931 3757 1055 3838 baberi,
1079 3766 1115 3824 ut
1139 3759 1310 3824 vernacula

131 3842 242 3928 lingua
272 3844 461 3911 vocabulum
496 3845 610 3931 „mam‘
644 3851 733 3909 recte
770 3845 952 3926 subJ‘ectum
986 3846 1150 3911 faciamus.
1205 3846 1310 3926 Hujus

131 3932 259 4014 generis
283 3934 429 4014 exempla
452 3939 527 3998 sunt
549 3935 647 3998 haec:
679 3931 743 3996 Nec
770 3953 840 3996 oei-o
870 3953 939 3996 earn
968 3933 1029 3996 dno
1054 3933 1146 3997 Decii
1169 3938 1226 3996 ant
1248 3934 1309 3998 dno

132 4015 292 4098 Scipiones
312 4021 410 4100 fortes
432 4021 495 4084 oiri
519 4026 807 4095 cornrnentorantnr,
833 4025 887 4083 ant
910 4041 979 4084 enni
993 4019 1116 4084 Fabins
1131 4021 1241 4102 pastas
1256 4041 1311 4085 no-

132 4104 280 4184 minatur,
310 4112 365 4171 ant
388 4107 426 4171 ab
449 4108 517 4172 illis
536 4107 737 4189 fortitudinis
767 4113 823 4171 ant
846 4107 884 4171 ab
907 4109 962 4172 boc
978 4107 1128 4190 justitiae
1152 4114 1310 4187 tanquan

133 4193 313 4274 asapientc
330 4195 452 4274 petitor
475 4195 656 4276 eaernplnn.
679 4196 730 4276 off.
753 4193 826 4274 ΙΙΙ,
849 4199 880 4275 4,
903 4199 951 4258 16.
1003 4194 1082 4259 Cani
1106 4194 1238 4258 alterins
1251 4214 1310 4276 po-

129 4277 198 4358 poti·
220 4282 370 4365 majestas
393 4283 571 4348 conseruari
586 4281 727 4366 jubetur,
755 4281 793 4348 de
815 4281 913 4347 altero
935 4281 1056 4361 siletur,
1079 4287 1159 4349 certe
1180 4281 1234 4347 iiie
1250 4302 1310 4364 po·
1333 4365 1343 4384 ‚
