2924 4904
714 309 755 370 90

144 494 204 558 pro
225 476 390 558 praesenti
412 482 483 557 est,
518 477 606 543 velut
627 476 695 554 odi,
717 477 807 556 nooi,
842 475 899 541 sed
922 476 1012 558 ejus,
1048 493 1109 557 quo
1134 475 1320 541 antecedens

144 564 275 645 proprio
297 566 462 644 praesenti
485 569 612 645 tempus
635 562 853 649 significatur,
884 564 975 628 utin
997 563 1058 628 hoc
1080 563 1213 640 1111111111,
1248 562 1321 642 qood

37 675 71 712 ·,
143 650 230 715 eidi
264 649 319 734 (cf.
342 650 439 716 L.-M.
464 651 507 729 V,
539 651 667 735 §1⁰7i·
725 651 804 716 Corn
838 652 1081 731 praeterito
1116 657 1225 715 autem
1255 667 1321 714 con·

141 737 272 819 junctus
293 737 378 802 idem
402 736 576 803 infinitivus
598 737 776 819 perfectam
794 737 826 802 in
845 737 1023 818 praeterito
1046 737 1206 802 actionem
1229 735 1322 820 signi·

146 823 239 903 ficat,
275 843 371 907 quam
394 826 456 888 vim
481 844 520 890 ex
543 825 707 889 indicativi
730 824 929 905 temporibus
962 823 1062 889 habet
1084 825 1322 906 plusquamper-

144 909 284 990 fectum,
319 919 355 977 ut
377 911 448 993 ipse
470 909 645 977 infinitivus
669 911 825 992 perfecti,
858 913 886 977 si
918 912 1047 994 quidem
1069 911 1249 992 praeterito
1272 910 1322 974 ad·

140 999 306 1080 J'ungitur,
331 1017 393 1065 non
416 1000 534 1080 injuria
557 999 969 1079 plusquamperfecti
992 997 1241 1063 infinitivus
1264 995 1323 1062 dici

143 1087 255 1166 possit.
302 1085 362 1162 Qui
385 1091 494 1167 potest
515 1086 614 1167 igitur
636 1087 848 1170 congruentia
870 1090 1049 1167 temporum
1073 1086 1170 1150 aliter
1193 1083 1324 1165 exprimi

143 1179 241 1255 atque
264 1173 327 1238 illis
350 1172 458 1238 verbis
482 1173 550 1238 dico
570 1173 745 1255 fecisse,
779 1172 861 1253 qaod
891 1173 1098 1237 rnonserit
1128 1172 1324 1252 111111111-

145 1261 262 1337 cisse,
284 1261 365 1342 qood
387 1261 647 1324 mansisset?
690 1258 773 1324 Nam
795 1260 828 1324 in
852 1259 955 1325 altero
979 1261 1048 1324 loco
1068 1259 1180 1339 fecisse
1203 1264 1254 1324 est
1275 1259 1321 1323 in·

141 1345 282 1412 finitivus
304 1347 442 1429 perfecti
464 1347 646 1429 praesentis
669 1347 816 1432 (propter
837 1348 919 1425 dico)
949 1347 981 1410 in
1012 1347 1117 1412 altero
1139 1348 1323 1428 plusquam·

143 1433 289 1515 perfecti·
305 1442 451 1516 (propter
474 1435 567 1515 diat).
614 1433 703 1510 Quae
727 1452 798 1499 cum
820 1434 867 1498 ita
891 1435 973 1516 sint,
996 1433 1056 1498 hoc
1080 1433 1169 1499 dico:
1204 1451 1322 1514 quae·

143 1539 306 1602 cunque
329 1527 523 1603 tempora
545 1521 583 1584 in
606 1525 726 1586 recta
750 1522 966 1586 oratione
991 1521 1039 1585 ad
1062 1520 1320 1602 primariam

143 1609 399 1674 sententiam
421 1608 687 1690 referantur,
711 1608 866 1691 eadem,
890 1627 974 1673 oum
998 1608 1239 1672 orationem
1263 1606 1322 1672 ob·

141 1695 315 1777 liquam
338 1695 514 1777 feceris,
555 1695 700 1760 eadem
729 1695 899 1760 ratione
932 1694 982 1759 ad
1014 1713 1099 1759 eum
1132 1695 1321 1759 infiniti·

142 1801 229 1847 vum
251 1778 431 1861 re‘ferri,
466 1801 541 1865 quo
564 1781 775 1863 primaria
797 1781 1021 1846 sententia
1044 1781 1322 1862 exprimatur,

140 1869 246 1950 ipsum
268 1876 377 1934 autem
400 1868 588 1935 infinitivum
610 1868 643 1932 in
660 1888 697 1932 eo
713 1870 836 1934 versari
858 1875 1003 1949 tempore
1027 1868 1141 1950 solere,
1165 1886 1229 1948 quo
1253 1867 1321 1933 fini·

142 1960 209 2020 tum
233 1955 366 2021 verbum
400 1956 525 2021 dicendi
558 1954 610 2021 vel
632 1956 802 2020 sentiendi.
848 1956 948 2021 Posse
982 1961 1090 2020 tamen
1125 1957 1225 2020 etiam
1248 1974 1322 2036 pro·

140 2043 244 2192 prfium
267 2048 301 2107 et
326 2042 508 2108 absolutum
530 2047 658 2122 tempus
688 2041 844 2107 infinitivo
867 2042 1003 2107 indicari
1036 2041 1121 2107 infra
1143 2041 1324 2108 videbimus

155 2148 194 2195 c.
218 2148 248 2210 p.
274 2129 417 2212 93.c.d).

141 2127 153 2214 (
228 2217 291 2281 Sed
325 2236 395 2281 cum
418 2221 561 2281 mutetur
593 2214 741 2280 infinitivi
773 2220 806 2280 et
838 2216 1000 2297 participii
1036 2221 1162 2296 tempus
1196 2221 1322 2281 mutato

140 2301 239 2369 verbo
261 2301 350 2368 finito
384 2303 435 2368 cui
467 2304 702 2387 adjungantur,
734 2303 951 2384 quaerendum
975 2303 1055 2385 erit,
1086 2303 1120 2366 id
1141 2303 1250 2382 ipsum
1271 2300 1321 2368 vb.

140 2388 264 2454 finitum
289 2391 378 2472 quus
415 2391 459 2455 sit
491 2391 655 2470 temporis.
708 2389 988 2455 Praesentis
1022 2396 1129 2454 autem
1165 2389 1323 2471 temporis

140 2477 203 2540 vim
227 2476 330 2541 solum
355 2495 511 2557 praesens
533 2477 638 2558 ipsum
660 2475 760 2541 habet
784 2477 984 2558 (plerumque
1008 2476 1126 2558 etiam,
1150 2495 1223 2541 oum
1248 2477 1322 2542 doc·

139 2567 247 2628 torum
269 2564 409 2629 virorum
433 2565 539 2642 dicta,
574 2582 657 2645 quae
680 2563 802 2644 scripta
825 2569 970 2646 exstant,
1004 2563 1216 2646 afferuntur),
1248 2581 1322 2628 raro

138 2649 315 2731 perlectum
339 2670 495 2733 praesens
518 2650 717 2733 quorundam
732 2648 911 2730 verborum,
935 2651 997 2716 nisi
1014 2651 1210 2716 antecedens
1226 2669 1319 2731 prae·

140 2739 225 2803 senti
246 2744 374 2819 tempus
399 2737 578 2820 significat,
612 2737 752 2802 futuri
786 2737 941 2818 temporis
964 2756 1026 2802 non
1051 2738 1154 2802 solum
1177 2736 1321 2803 futurum

140 2829 174 2889 et
196 2823 338 2890 futurum
364 2833 511 2892 exactum
535 2830 620 2902 sunt,
645 2824 702 2889 sed
726 2824 822 2889 etiam
845 2825 1037 2906 imperativi,
1061 2824 1160 2888 verba
1180 2844 1321 2906 possam,

138 2911 218 2994 nolo,
241 2932 361 2976 raecessc
384 2918 428 2976 est
451 2913 516 2977 alia
539 2911 658 2977 similia
681 2930 751 2976 cum
773 2909 938 2976 infinitivis
958 2913 1090 2992 Juncta,
1126 2912 1320 2992 conjunctivi

138 3000 327 3078 potentialis
351 3003 384 3063 et
405 3000 634 3081 imperativus,
672 2998 725 3079 qui
749 3002 781 3062 et
803 2999 835 3061 in
858 2998 1020 3079 primariis
1043 2996 1320 3064 enuntiationibus

140 3085 229 3149 etin
252 3085 470 3163 secundariis,
503 3087 690 3167 plerumque
713 3083 862 3150 finalibus
888 3092 945 3150 aut
968 3085 1195 3161 consecutivis,
1228 3104 1320 3165 repe·

137 3171 265 3236 riuntur
288 3171 341 3254 (cf.
366 3172 458 3237 n-M.
483 3173 522 3251 V,
546 3174 562 3256 ξ
590 3177 660 3250 100,
684 3172 775 3236 Anm.
800 3173 846 3254 4).
891 3171 1142 3237 Praeteriti
1163 3173 1319 3253 temporis

138 3263 213 3323 sunt
235 3258 468 3340 imperfectum,
491 3258 849 3340 plusquamperfectum,
874 3259 1052 3340 perfectum
1076 3259 1193 3343 (neque
1217 3260 1318 3325 solum

137 3345 324 3411 historicum
342 3352 375 3411 et
395 3347 544 3430 logicum,
568 3344 650 3427 quod
676 3346 795 3425 dicunt,
819 3346 876 3411 sed
901 3347 998 3411 etiam
1022 3346 1203 3427 perfectum
1226 3365 1319 3428 prae·

137 3451 213 3497 sens
235 3439 314 3512 tum,
337 3453 409 3498 cum
432 3434 626 3499 antecedens
643 3433 808 3513 praesenti
830 3439 957 3514 tempus
981 3453 1018 3498 eo
1042 3431 1243 3514 significatur
1265 3432 1317 3516 (cf.

138 3519 271 3584 Wetrel.
295 3520 315 3585 l.
339 3522 360 3585 l.
384 3541 414 3607 p.
440 3527 515 3605 31),
548 3520 581 3584 id
605 3518 690 3600 quod
714 3521 811 3584 etiam
844 3519 999 3585 infinitivo
1026 3520 1165 3601 perfecti
1188 3527 1223 3585 et
1246 3538 1317 3586 con·

134 3606 278 3687 junctivo
300 3612 410 3688 potest
432 3606 537 3692 fieri),
571 3625 726 3689 praesens
756 3607 965 3690 historicum,
1000 3608 1222 3688 conjunctivus
1245 3626 1316 3673 con-

138 3693 301 3759 ditionalis
335 3695 504 3774 praeteriti
541 3693 735 3776 (fecissem),·
768 3694 852 3758 alter
885 3695 1111 3759 conditionalis
1146 3693 1166 3775 (
1179 3694 1313 3778 acerem)

136 3780 318 3861 praesentis
354 3785 405 3846 est
438 3783 593 3863 temporis
628 3779 681 3863 (cf.
706 3780 803 3847 n-M.
827 3781 905 3864 V,§
932 3782 1015 3865 179).
1073 3781 1137 3847 Sed
1171 3800 1245 3847 cum
1278 3799 1314 3847 ea

136 3866 256 3946 verba,
291 3887 374 3949 quae
397 3868 437 3933 ad
462 3886 534 3933 enm
563 3868 691 3932 modum
714 3868 764 3932 vel
788 3869 858 3948 ipsa
881 3871 931 3933 vel
954 3888 1012 3950 per
1035 3869 1098 3934 alia
1120 3869 1312 3950 referantur,

137 3954 370 4020 conditionales
394 3955 514 4020 formas
547 3955 620 4036 ipsa
656 3954 773 4018 ducere
797 3956 923 4021 soleant
943 3955 996 4037 (cf.
1020 3956 1118 4021 L.-M.
1141 3956 1180 4035 V,
1204 3957 1221 4039 ἓ
1248 3959 1311 4031 143,

137 4041 170 4123 2)
202 4060 323 4122 eaeque
358 4042 480 4107 formae
514 4041 764 4124 praeteritorum
800 4048 978 4123 temporum
1015 4041 1157 4108 habeant
1191 4042 1310 4124 species

137 4127 302 4211 (focarem,
321 4129 501 4214 fecissem),
535 4130 621 4194 inter
643 4127 822 4209 praeterita
844 4136 990 4211 tempora
1013 4148 1070 4195 eas
1091 4129 1208 4194 referri
1231 4145 1309 4194 com·

135 4215 263 4281 modurn
285 4219 406 4298 putavi.
453 4216 539 4295 Quos
570 4234 645 4282 vero
677 4214 718 4280 ad
749 4215 836 4282 locos
865 4236 905 4282 ea
929 4217 1117 4302 ,modorum
1140 4210 1308 4284 attractio“
