2924 4904
677 365 737 426 115

578 537 679 620 capu
700 537 839 604 tertium.

309 641 353 696 llo
370 642 538 709 temporum
556 641 587 696 in
605 642 765 698 sententiis
783 641 1019 698 concidentibus
1038 657 1104 700 usu.

117 732 151 784 A.
171 729 260 784 Bina
281 729 521 784 verbafinita
532 769 1167 787 ...............
1205 750 1232 800 p.
1262 735 1297 787 57

154 821 175 874 Ι.
194 819 423 874 indicativus
442 818 538 874 modus
557 818 586 872 in
604 825 721 889 utraque
740 820 929 874 enuntiatione
944 862 1170 875 ......
1211 863 1224 890 „
1263 824 1298 876 57

192 911 215 963 1.
235 909 354 976 Tempus
374 923 505 976 praesens
536 949 1171 966 ...............
1212 951 1224 979 ,,
1263 912 1298 964 57

192 1001 217 1050 2.
237 996 394 1051 Perfectum
450 1038 1171 1055 .................
1212 1042 1224 1070 ,‚
1264 1005 1300 1055 60

191 1090 216 1140 3.
236 1086 392 1141 Perfectum
411 1103 472 1141 cum
490 1087 632 1155 praesenti
650 1088 823 1157 conjunctum
852 1129 1174 1144 ........
1213 1132 1226 1159 ,
1265 1091 1301 1144 62

192 1179 217 1229 4.
236 1175 431 1244 Imperfectum
493 1216 1174 1233 ................
1215 1221 1227 1248 ,,
1266 1178 1301 1232 62

196 1267 221 1319 5.
240 1263 541 1334 Plusquamperfectum
566 1265 647 1335 (Tres
666 1265 720 1320 loci
740 1267 906 1337 singulares)
945 1307 1175 1321 ......
1215 1308 1228 1335 ,
1267 1270 1315 1320 64.

195 1358 220 1408 6.
240 1356 375 1409 Futurum
404 1393 1174 1412 ..................
1214 1398 1227 1425 ,
1266 1357 1303 1410 65

193 1448 218 1499 7.
238 1444 374 1498 Praesens
394 1459 454 1498 cum
473 1443 567 1499 futuro
586 1445 761 1514 conjunctum
808 1486 1174 1501 .........
1213 1486 1226 1514 ,
1266 1447 1302 1499 66

193 1536 217 1586 8.
237 1533 372 1586 Futurum
391 1539 518 1586 exactum
536 1572 1172 1592 ...............
1213 1576 1225 1603 „
1266 1537 1301 1590 66

193 1623 218 1674 9.
237 1620 373 1675 Futurum
392 1621 445 1691 (vel
464 1621 656 1692 imperativus)
676 1639 736 1676 cum
755 1622 805 1678 fut.
825 1631 915 1678 exact.
935 1625 1110 1693 conjunctum
1168 1666 1174 1679 .
1215 1665 1227 1693 „
1266 1627 1301 1679 67

158 1709 470 1765 II.lndicativus
495 1712 524 1765 in
550 1710 729 1780 secundaria,
758 1713 1045 1782 conjunctivus
1071 1715 1099 1767 in
1124 1715 1180 1783 pri·

214 1783 303 1835 maria
323 1798 364 1836 en.
409 1819 1176 1840 ..................
1215 1825 1228 1853 ,,
1268 1788 1304 1839 70

159 1871 207 1925 ΙΙΙ.
227 1870 496 1939 conjunctivus
530 1873 558 1925 in
592 1872 771 1941 secundaria,
806 1873 1036 1930 indicativus
1065 1875 1094 1928 in
1121 1879 1177 1944 pri·
1287 1947 1303 1999 2

230 1944 371 1997 mariaen
375 1983 1228 2014 .....................
1268 1950 1284 2000 7

201 2032 225 2084 1.
244 2030 428 2093 secundariae
448 2033 601 2087 sententiae
619 2032 787 2100 potentiales
816 2074 1229 2103 ...........
1269 2039 1304 2090 72

200 2123 225 2174 2.
244 2120 427 2176 Secundariae
446 2123 599 2177 sententiae
619 2122 744 2177 causales
768 2162 1223 2193 ...........
1224 2167 1230 2194 ,
1269 2130 1305 2181 72

200 2212 224 2264 3.
245 2208 431 2264 Secundariae
450 2211 604 2264 sententiae
622 2211 796 2265 concessivae
816 2252 1177 2267 .........
1218 2255 1230 2282 „
1270 2217 1305 2269 74

198 2302 223 2352 4.
245 2298 475 2367 „criminabatun
494 2313 555 2351 cnm
575 2297 695 2353 diceret“
716 2306 743 2353 et
763 2300 865 2353 similia
901 2342 907 2354 .
947 2342 952 2353 .
992 2342 998 2354 .
1127 2344 1133 2355 .
1173 2346 1177 2356 .
1217 2346 1229 2372 „
1269 2305 1304 2358 75

199 2391 224 2444 5.
245 2405 269 2443 a.
291 2389 433 2457 Conjunct.
452 2389 606 2458 imperfecti
623 2406 683 2444 cum
702 2390 825 2458 perfecto
844 2392 1005 2460 conjunctus
1036 2431 1221 2461 .....
1222 2434 1228 2462 ,
1269 2396 1304 2447 76

242 2478 268 2532 b.
289 2478 431 2546 Conjnnct.
450 2478 709 2547 plusquamperfect.
728 2495 789 2532 cum
807 2478 930 2547 perfecto
950 2480 1112 2548 conjunctus
1170 2523 1176 2536 .
1216 2523 1229 2550 „
1269 2484 1303 2535 77

160 2568 206 2621 IV.
227 2567 523 2635 ConJ'nnctivus
543 2569 571 2621 in
591 2575 708 2635 utraque
727 2569 916 2622 enuntiatione
947 2609 1178 2625 ......
1218 2611 1231 2639 „
1270 2573 1305 2624 78

200 2661 224 2715 l,
244 2660 272 2712 in
292 2657 436 2711 sententiis
459 2657 702 2727 condicionalibus,
724 2698 1179 2716 ...........
1218 2702 1231 2730 ,,
1270 2665 1306 2715 78

199 2753 224 2804 2,
243 2747 410 2802 attractione
430 2746 548 2815 quadam
567 2747 640 2802 modi
643 2786 1180 2815 .............
1219 2791 1232 2819 „

200 2842 225 2892 3,
244 2837 356 2904 obliqua
375 2837 483 2891 ratione
503 2836 616 2891 effectus
636 2875 1181 2894 .............
1219 2879 1232 2907 ,,

164 2927 196 2980 V.
215 2916 514 2994 De'participiis
546 2964 1181 2983 ...............
1219 2968 1232 2996 ,,

128 3016 159 3070 B.
179 3016 220 3070 De
247 3017 281 3071 iis
310 3018 472 3082 sententiis,
499 3030 613 3082 quarum
640 3015 668 3068 in
693 3015 834 3083 primariis
862 3015 1097 3070 enuntiationibus
1125 3017 1181 3071 sint

182 3087 757 3155 verbaauxiliaria,quaedicuntur
813 3126 1180 3145 .........
1219 3129 1231 3157 ‚,
1271 3089 1306 3142 84

129 3177 158 3230 C.
177 3176 219 3230 De
237 3177 272 3231 iis
292 3176 462 3231 secundariis
480 3175 722 3243 enuntiationibus,
741 3190 811 3243 quae
830 3173 864 3228 ad
883 3173 1032 3230 infinitivos
1052 3182 1100 3230 aut
1118 3192 1181 3244 par·

183 3248 280 3315 ticipia
298 3249 446 3314 pertinent,
466 3263 535 3316 quae
555 3263 589 3301 ex
607 3248 690 3301 verbo
709 3247 752 3301 vel
771 3246 879 3300 dicendi
898 3247 941 3300 vel
961 3247 1096 3302 sentiendi
1115 3264 1180 3316 pen-

184 3318 257 3374 dent.
295 3319 355 3387 (De
383 3319 784 3388 orationeobliqua.)
812 3356 1180 3375 .........
1219 3361 1232 3389 „
1272 3323 1307 3376 86

163 3410 184 3464 Ι.
203 3408 367 3463 Referri
386 3408 476 3462 solere
495 3408 719 3463 secundariorum
738 3423 780 3461 en.
800 3413 872 3461 tem
882 3422 978 3475 pora
994 3407 1029 3461 ad
1047 3408 1122 3475 ipsos
1139 3408 1178 3461 in·

205 3480 325 3534 finitivas
345 3495 399 3534 non
418 3479 454 3532 ad
471 3478 550 3533 finita
569 3480 653 3534 verba
672 3479 867 3547 primariorum
886 3479 1134 3535 enuntiationum.
1173 3520 1178 3533 .
1218 3521 1231 3549 „
1270 3483 1306 3535 86

153 3570 188 3624 ΙΙ.
207 3571 273 3624 Cum
292 3568 498 3623 infinitivo
517 3569 747 3636 praesentis,

202 3665 226 3718 1.
244 3662 291 3730 qui
312 3659 432 3728 pendeat
451 3673 492 3712 ex
510 3656 716 3725 praesenti,
737 3656 864 3726 conjungi

237 3764 262 3803 a.
281 3749 436 3816 praesentis
453 3747 655 3816 conjunctivum
683 3786 1181 3802 ............
1220 3787 1233 3816 ,,
1272 3750 1306 3802 91

237 3838 263 3892 b.
282 3837 438 3905 praesentis
456 3836 634 3890 indicativum
682 3872 1180 3891 ............
1220 3877 1233 3905 ,,
1272 3840 1308 3893 92

199 3933 225 3983 2.
243 3928 290 3998 qui
309 3925 429 3994 pendeat
448 3940 490 3979 ex
508 3924 521 3978 f
529 3931 662 3992 nturo,
691 3924 819 3993 conjungi

236 4036 261 4073 a.
280 4017 482 4087 conjunctivum
501 4015 655 4084 praesentis
675 4031 726 4083 pro
746 4015 816 4083 conj.
835 4012 922 4068 futuri
948 4055 1181 4070 ......
1220 4056 1233 4084 „
1272 4018 1306 4070 92

236 4107 263 4162 b.
283 4106 461 4160 indicativum
480 4105 566 4160 futuri
596 4143 1182 4159 ..............
1221 4145 1234 4173 „
1273 4107 1307 4159 93

241 4213 263 4251 c.
283 4195 462 4250 indicativum
480 4194 635 4263 praesentis
682 4232 1182 4249 ............
1221 4232 1234 4261 ,,
1273 4195 1307 4246 93

236 4285 262 4339 d.
282 4284 485 4353 conjunctivum
503 4281 610 4351 proprii
630 4281 784 4350 praesentis
817 4320 1183 4337 .........
1221 4322 1234 4351 ,,
1273 4284 1307 4336 93
