2924 4904
711 358 746 417 11

142 528 280 606 intuear,
305 526 494 611 abrogabat,
518 527 679 609 cognitum
699 525 835 604 habebo,
859 525 1071 590 coincidentia
1087 525 1224 592 dicenda
1245 531 1322 593 sunt

143 631 215 680 cum
238 615 464 696 primariarum
488 615 743 681 enuntiationum
766 611 1032 691 infinitivis,
1055 614 1189 696 intueri,
1211 613 1318 679 iacere

141 700 272 783 injuste,
295 703 396 782 scire;
428 720 510 784 quae
540 701 682 783 pendent
705 719 725 766 a
747 700 855 766 verbis
884 700 1063 781 sentiendi,
1096 718 1178 782 quae
1209 700 1320 767 dicunt

142 789 358 873 grammatici.
404 789 545 854 Possunt
566 788 667 854 videri
698 788 755 852 illa
778 785 878 852 verba
899 784 990 852 finita
1012 791 1137 866 tamen,
1170 787 1255 869 quod
1277 787 1319 852 ad

143 880 324 956 temporum
353 874 474 941 formas
504 875 641 957 attinet,
679 872 770 940 finita
804 874 1031 956 primariorum
1065 875 1319 940 enuntiationum

141 961 241 1028 verba
264 963 365 1044 sequi.
412 961 476 1028 Sed
499 963 539 1028 de
561 962 611 1026 his
633 962 712 1027 locis
735 966 769 1026 et
792 961 865 1026 aliis
889 961 1032 1042 ejusdem
1055 962 1184 1042 generis
1206 967 1320 1042 postea

143 1050 327 1116 accuratius
350 1049 574 1116 disserendum
596 1050 659 1114 erit
682 1047 736 1131 (ci.
761 1066 830 1130 cap.
853 1048 911 1113 III.
936 1048 995 1132 (1.).

228 1223 334 1304 Atque
361 1223 394 1288 in
416 1223 473 1289 illa
496 1222 703 1288 annotatione
729 1227 757 1288 1.
781 1222 827 1288 sic
849 1221 1013 1304 pergitur:
1047 1220 1126 1305 ,Wo
1156 1219 1236 1286 aber
1267 1221 1319 1288 die

141 1307 259 1375 beiden
281 1309 455 1375 Prsdicate
488 1310 577 1375 nicht
607 1309 783 1393 eigentlich
810 1308 971 1375 identisch
1002 1308 1090 1388 sind,
1123 1308 1236 1374 stehen
1271 1310 1318 1375 sie

142 1397 225 1461 doch
248 1397 281 1460 iu
304 1397 407 1463 einem
431 1415 468 1463 so
491 1415 593 1480 engen
616 1395 930 1477 Zusammenhange,
964 1396 1040 1460 dass
1062 1395 1122 1460 mit
1144 1395 1202 1461 der
1225 1396 1318 1463 einen

141 1483 318 1568 Handlung
339 1484 391 1549 die
415 1484 534 1550 andere
557 1482 715 1565 gegeben,
745 1483 797 1549 die
820 1484 891 1548 elne
914 1482 1087 1563 Handlung
1117 1483 1151 1546 in
1182 1482 1241 1548 der
1263 1503 1319 1549 an-

142 1569 241 1635 deren
264 1571 324 1635 mit
345 1569 555 1638 besahlossen
576 1571 630 1649 ist,
655 1571 733 1636 oder
754 1571 847 1636 ihren
862 1570 974 1636 Grund
994 1570 1027 1633 in
1042 1568 1212 1635 derselben
1227 1568 1316 1635 hat“.

141 1657 204 1722 Vix
226 1657 388 1738 intelligo,
420 1657 497 1738 quid
525 1659 576 1724 his
607 1655 714 1723 verbis
742 1657 830 1723 aliud
859 1655 1074 1738 significetur,
1108 1675 1202 1738 quam
1232 1657 1318 1738 quad

140 1744 299 1825 principio
321 1744 518 1826 paragraphi
537 1745 584 1811 sic
607 1745 727 1810 dictum
751 1745 812 1810 sit:
850 1744 972 1829 ,Wenn
996 1792 1003 1808 .
1029 1794 1035 1808 .
1061 1792 1067 1807 .
1093 1793 1100 1807 .
1125 1743 1177 1808 die
1199 1743 1317 1810 beiden

141 1831 316 1896 Prddicate
340 1878 477 1896 .....
503 1851 539 1898 so
562 1832 846 1916 genissermassen
867 1831 901 1896 in
925 1831 1080 1896 einander
1101 1828 1210 1912 fallen,
1242 1831 1318 1897 dass

141 1917 193 1983 die
217 1917 288 1983 eine
312 1918 486 2000 Handlung
516 1919 553 1994 in⁴
578 1919 636 1984 der
666 1919 807 1985 anderen
838 1917 898 1984 mit
927 1916 1093 1984 euthalten
1115 1915 1190 1982 ist“.
1235 1917 1318 1984 Nam

141 2003 222 2071 duas
250 2005 395 2071 actiones
424 2006 457 2070 in
488 2024 585 2071 unum
618 2005 733 2071 cadere
765 2005 817 2071 vel
847 2005 984 2071 alteram
1015 2005 1120 2070 altera
1149 2004 1316 2085 contineri,

140 2110 245 2156 nonne
268 2091 352 2156 idem
377 2097 428 2157 est
450 2099 548 2175 atque
571 2093 709 2159 alteram
731 2092 891 2159 actionem
913 2111 978 2158 una
1010 2110 1081 2158 cum
1103 2092 1209 2159 altera
1232 2093 1317 2175 cogi-

140 2179 215 2258 tari,
239 2178 376 2244 alteram
399 2179 505 2245 altera
526 2180 672 2246 includi?
717 2181 823 2262 Atque
854 2185 982 2245 restant
1014 2179 1114 2245 etiam
1143 2199 1182 2244 ex
1213 2180 1317 2261 primo

123 2266 340 2350 paragraphi
363 2267 433 2332 loco
457 2266 519 2333 duo
543 2267 706 2349 exempla,
739 2265 855 2348 quibus
878 2264 970 2332 'idom
997 2266 1049 2331 hie
1078 2284 1155 2332 usus
1186 2267 1316 2332 demon·

142 2357 281 2432 stretur3
314 2372 396 2434 quae
427 2358 502 2419 sunt
532 2353 630 2419 haec:
665 2353 941 2435 Ecspeciatiancra
971 2352 1060 2417 nobis
1090 2372 1155 2417 raon
1181 2373 1320 2434 paream

140 2438 387 2521 attuleras,
423 2459 493 2504 canc
524 2442 794 2521 scripseras
824 2459 952 2505 causam
974 2445 1116 2504 nostram
1137 2440 1320 2522 Pornpcjctrn

139 2531 220 2590 certe
244 2532 473 2607 susceptarum.
509 2526 576 2592 Aa.
600 2531 707 2610 3,18.
752 2527 823 2592 Hoc
852 2527 914 2591 loco
943 2545 997 2608 epo
1027 2547 1117 2591 sura
1122 2529 1199 2608 psi
1228 2528 1319 2610 qaid·

139 2613 214 2677 dam
244 2613 283 2678 dc
315 2618 371 2678 tua
402 2614 588 2696 eloquentia.
634 2614 719 2678 Nara
755 2613 891 2678 tacui.
938 2612 1005 2676 An.
1031 2617 1087 2691 13,
1114 2616 1168 2678 42.
1235 2615 1319 2680 Nam

140 2699 173 2763 in
196 2699 247 2764 his
270 2699 349 2766 locis
373 2700 435 2765 etsi
457 2719 517 2766 nec
539 2701 632 2782 paria
650 2699 750 2766 verba
772 2719 875 2781 neque
899 2718 1075 2782 synonyma
1096 2718 1199 2783 neque
1221 2721 1318 2784 gene·

140 2786 224 2852 ralia
245 2804 349 2867 neque
373 2787 543 2853 auxiliaria
557 2791 694 2869 exstant,
717 2787 881 2853 tamenin
904 2786 970 2852 illis
992 2787 1072 2868 ipsis
1095 2787 1205 2853 allatis
1228 2789 1316 2855 litte·

139 2873 186 2938 ris
210 2874 410 2954 exspectatio
434 2879 505 2940 erat
529 2874 639 2952 allata,
662 2874 719 2939 illa
740 2874 813 2955 ipsa
834 2873 1042 2939 taciturnitas
1063 2873 1097 2939 id
1120 2873 1197 2954 fuit,
1232 2876 1317 2958 quod

141 2959 253 3026 Cicero
277 2978 316 3025 en
338 2960 438 3025 Attici
469 2961 653 3041 eloquentia
682 2961 829 3042 sumpsit.
891 2960 975 3042 (Quo
997 2961 1030 3025 in
1053 2960 1123 3026 loco
1146 2966 1236 3028 recte
1260 2963 1317 3030 ad-

140 3064 306 3111 monemur
333 3067 353 3112 a
382 3048 594 3129 scriptoribus
626 3047 725 3114 etiam
755 3048 797 3113 ad
828 3048 1049 3125 coordinatus,
1083 3066 1163 3130 quas
1195 3049 1316 3131 dicunt,

140 3133 379 3199 enuntiationes
402 3135 649 3201 coincidentium
671 3139 852 3216 temporum
864 3152 956 3200 usum
969 3135 1157 3216 pertinere.)
1181 3136 1316 3204 Praeter

139 3220 220 3285 haec
244 3221 390 3302 exempla
419 3221 452 3284 in
481 3222 690 3287 annotatione
721 3221 779 3286 illa
809 3221 911 3287 multa
942 3221 1152 3303 adjiciuntur,
1182 3240 1317 3304 quorum

141 3306 228 3372 haud
254 3325 358 3386 pauca
387 3307 532 3388 eiusdem
561 3309 691 3393 generis
722 3326 794 3374 esse
824 3308 944 3389 judico.
989 3307 1070 3374 Dico
1104 3307 1202 3375 haee:
1239 3309 1319 3377 Gom

137 3398 312 3470 tacent,
336 3394 547 3459 clamant.
595 3394 664 3461 011.
689 3398 719 3476 1,
741 3398 796 3460 21.
842 3392 925 3461 Sunt
946 3394 1074 3476 qnidam
1096 3395 1151 3476 qai
1172 3396 1318 3463 molestas

138 3479 295 3544 anicitias
314 3480 519 3565 faciant,
550 3501 619 3549 cam
640 3481 706 3563 ipsi
726 3500 759 3547 se
781 3481 935 3546 contemni
953 3487 1134 3562 patant.
1179 3503 1239 3548 ara.
1261 3487 1316 3552 72.

137 3564 270 3632 Herculi
291 3564 454 3632 Deianira
476 3587 585 3633 nocere
614 3568 785 3649 noluit,
819 3587 915 3649 quara
937 3569 967 3632 11
989 3569 1131 3634 tunicam
1159 3572 1318 3653 sanquine

141 3651 295 3718 Centauri
316 3653 447 3718 tinctam
470 3654 595 3721 111111.
620 3655 695 3720 ad.
718 3659 750 3731 3,
765 3657 815 3719 70.
865 3655 955 3731 Turn,
978 3674 1047 3720 cnm
1070 3676 1109 3721 cc
1130 3656 1206 3722 urbe
1229 3656 1318 3725 Coti·

137 3737 237 3804 linaca
274 3739 535 3821 ejiciebam,
589 3742 747 3824 reliquam
784 3741 1021 3822 coniuratorum
1056 3762 1186 3808 manum
1221 3745 1318 3811 simul

136 3826 293 3890 1111111111
323 3827 552 3907 parabam.
599 3827 667 3894 011.
690 3833 721 3904 3,
744 3832 775 3894 3.
835 3828 931 3909 Quem
973 3848 1028 3913 epo
1068 3849 1140 3894 cum
1171 3851 1210 3896 111
1242 3831 1318 3898 urbe

131 3911 373 3993 pellebant,
405 3913 463 3979 boc
486 3914 778 3996 procidebam
800 3915 915 3981 animo.
960 3915 1000 3980 ib.
1023 3920 1067 3982 16
1089 3916 1217 3999 (11111
1239 3918 1317 3986 locis

136 3999 176 4080 cf.
199 3999 291 4080 infra
312 4019 379 4080 cap.
401 3999 451 4065 Π.
469 4006 498 4066 1.
515 4003 571 4086 a).
616 4004 756 4068 Murena
777 4001 854 4066 dum
875 4022 974 4067 unum
996 4004 1164 4069 creauere
1181 4005 1318 4087 pradum

136 4085 305 4166 dignitatis
327 4093 520 4152 conatus
541 4095 625 4170 est,
658 4088 785 4154 111111
806 4089 843 4153 in
859 4089 1054 4171 periculosa,
1085 4110 1124 4154 ue
1148 4139 1155 4154 .
1181 4141 1187 4156 .
1213 4140 1221 4157 .
1247 4142 1253 4157 .
1279 4143 1318 4160 ..

137 4171 227 4239 Mar.
252 4173 304 4238 55.
349 4172 508 4255 Adiaacre
539 4176 674 4256 captiui,
710 4175 765 4256 qai
795 4180 887 4256 rapto
917 4176 1002 4241 inter
1034 4176 1202 4242 tuinultum
1230 4179 1318 4260 ferro

138 4257 313 4344 conglobati
332 4265 362 4326 11
383 4259 422 4326 ab
451 4266 537 4346 tergo
564 4262 834 4329 ceciderunt
855 4261 978 4330 Poenos
1006 4266 1035 4328 11
1060 4264 1319 4351 1191111111-
