2924 4912
637 355 678 414 45

73 520 240 602 quiesco
259 521 393 602 paulum
414 521 450 585 in
472 521 523 585 liis
544 521 691 598 miseriis,
715 541 783 585 crim
805 521 897 603 quasi
919 526 1018 586 tecum
1040 521 1160 602 loquor.
1182 522 1249 586 Att.

79 607 278 687 VIIL14,1.
322 608 440 673 Multis
454 607 548 672 relus
561 628 647 673 meus
669 607 962 689 offendebatur
985 609 1156 686 animus,
1179 629 1248 673 eum

171 699 228 758 ant
258 695 378 760 occulto
407 695 630 759 nonnullorum
662 697 735 760 odio
764 701 821 759 aut
849 695 978 759 olsenra
1006 698 1042 759 in
1070 715 1118 759 me
1139 698 1248 760 studio

70 780 240 846 cernebam.
282 783 360 864 tam.
384 782 413 860 Ι,
436 786 465 861 9,
487 788 517 846 5.
561 782 1060 862 Respiraro,siteoiclero.
1105 781 1174 846 Att.
1198 781 1248 861 ΙΙ,

70 870 124 943 24,
148 871 178 931 5.
222 865 275 932 De
297 870 370 933 istis
390 870 511 933 dnobus
533 889 602 933 eum
623 869 739 951 coaito,
774 869 901 932 doleo
924 868 1008 932 milii
1031 874 1119 932 tuam
1137 889 1248 949 perpe-

68 960 156 1018 tuam
178 956 395 1020 anctoritatem
416 956 454 1019 cle
469 974 553 1036 parce
573 955 723 1021 ualuisse.
768 955 864 1020 Brut.
877 958 929 1034 76,
941 959 1016 1020 266.
1059 954 1246 1020 Looalor

68 1061 145 1105 euro
166 1043 269 1105 oirum
288 1045 403 1124 fortem
427 1090 435 1106 .
458 1090 465 1106 .
490 1090 497 1105 .
522 1044 699 1107 audiens
728 1046 906 1118 πολιτικῶς
935 1043 973 1106 de
995 1044 1089 1122 noeis
1115 1042 1246 1107 simulo·

68 1128 278 1208 toepericulis
289 1130 501 1194 disserentem.
524 1130 593 1192 Att.
605 1128 680 1209 VII,
692 1134 723 1207 8,
737 1134 768 1194 4.
785 1151 831 1209 ep.
843 1130 886 1193 acl
897 1129 993 1193 Brut.
1006 1128 1036 1206 I,
1050 1131 1100 1210 15,
1111 1134 1143 1193 2.
1158 1133 1209 1208 18,
1218 1133 1249 1193 3.

155 1213 184 1298 ε)
207 1215 314 1280 Etiam
337 1235 440 1297 quae
462 1221 633 1281 restant
661 1216 852 1296 ejusdem
879 1218 1018 1297 partis
1042 1217 1245 1297 exempla,

68 1319 201 1366 numero
224 1302 294 1366 fere
316 1309 444 1367 centum
468 1309 502 1368 et
524 1305 701 1386 octoginta,
725 1322 796 1368 cum
820 1307 912 1367 tanta
935 1305 1002 1368 sint
1016 1304 1186 1377 varietate,
1209 1309 1247 1367 ut

69 1395 177 1452 certus
200 1388 232 1451 in
255 1389 295 1454 iis
319 1395 352 1454 et
375 1409 557 1455 communes
578 1388 699 1456 formas
722 1389 924 1473 distinguere
946 1407 1158 1471 nequeamuS,
1192 1408 1246 1453 eo-

66 1493 138 1538 rum
171 1480 274 1540 totam
306 1475 431 1556 copiam
469 1495 508 1541 ex
546 1477 804 1558 conjunctionum
844 1475 1016 1558 generibus
1056 1476 1246 1542 dividemus,

68 1559 183 1640 Quae
204 1567 306 1626 mutat
325 1567 382 1644 (so.
406 1563 596 1645 Epicurus),
630 1584 668 1627 ea
691 1566 871 1642 corrumpit.
914 1564 972 1646 fin.
997 1562 1026 1646 1,
1049 1566 1077 1641 6,
1098 1567 1153 1627 21.
1200 1561 1246 1626 Ei

66 1649 228 1712 medentur
249 1649 478 1729 reipublicae,
510 1651 577 1731 qni
605 1655 753 1715 exsecant
776 1655 896 1729 pestem
925 1650 1065 1730 aliquam
1088 1655 1246 1730 tamqnam

66 1740 221 1798 strumam
243 1736 392 1801 ciuitatis.
438 1737 517 1802 Sest.
541 1740 687 1814 65,135.
731 1736 794 1816 Qut
822 1738 906 1801 enim
933 1737 1021 1801 uitiis
1044 1737 1168 1801 modum
1189 1757 1245 1816 op·

63 1823 167 1903 ponit,
190 1823 220 1886 is
236 1829 361 1903 nartem
383 1824 516 1904 suscipit
536 1825 694 1887 citiorum.
739 1831 814 1888 tusc.
829 1823 852 1886 Ι
856 1822 889 1901 V,
913 1827 964 1902 18,
988 1827 1043 1887 42.
1090 1823 1151 1902 Qui
1170 1843 1245 1902 pro-

65 1910 161 1972 trusit
182 1909 368 1991 cylindrum,
393 1911 479 1973 dedit
500 1910 529 1974 ei
547 1911 744 1989 principium
759 1911 917 1987 motionis,
940 1909 1166 1974 volubilitatem
1188 1929 1245 1972 au·

65 2000 125 2059 tem
145 2015 211 2060 non
232 1997 326 2062 cledit.
367 1997 428 2078 fot.
451 2002 502 2078 19,
524 2001 576 2062 43.
621 1997 719 2062 Nemo
737 2018 857 2078 parum
879 1999 936 2064 eliu
958 1997 1048 2075 oluit,
1069 1997 1124 2078 qni
1144 1996 1246 2060 cirtu-

67 2083 107 2146 tis
131 2084 293 2164 perfectae
322 2085 460 2165 perfecto
497 2084 628 2164 fun-ctus
662 2089 706 2147 est
739 2105 876 2149 reticuere.
930 2090 1006 2148 tusc.
1031 2082 1055 2147 Ι
1063 2130 1070 2159 ,
1093 2086 1137 2147 45
1144 2131 1152 2167 ,
1175 2087 1245 2148 109.

67 2165 300 2250 (Dignitatem)
323 2172 441 2235 minuit
462 2171 492 2234 is
513 2171 566 2252 qni
582 2191 643 2250 per
664 2172 728 2234 oinr
757 2170 974 2234 rnrrltitmlinis
1002 2190 1068 2234 rem
1098 2171 1141 2234 ael
1163 2169 1244 2234 secli-

66 2256 181 2320 tionem
203 2258 330 2321 uocauit.
367 2262 457 2337 part.
477 2277 522 2321 or.
544 2260 680 2336 30105.
726 2258 764 2322 Is
786 2259 868 2321 enim
884 2260 1025 2339 profecto
1047 2262 1175 2320 mortem
1198 2260 1244 2320 ot·

65 2341 148 2424 tulit,
170 2343 225 2425 qui
243 2359 345 2417 ¹conisa
367 2345 475 2409 mortis
494 2344 570 2425 fuit.
613 2345 700 2408 Plil.
725 2343 792 2421 IX,
814 2350 844 2423 3,
870 2348 899 2408 7.
945 2345 1009 2409 Bis
1031 2344 1157 2407 seroaoi
1178 2363 1244 2406 rem

59 2428 226 2509 pullicum,
248 2431 304 2511 qui
326 2431 435 2495 consul
457 2436 584 2513 toaatus
606 2436 744 2495 armatos
767 2432 909 2509 uicerim,
936 2432 1087 2510 privatus
1109 2430 1244 2495 consuli·

65 2515 121 2580 lus
144 2518 278 2581 armatis
300 2519 452 2582 cesserim.
495 2519 574 2584 lom.
594 2521 646 2600 37,
667 2521 716 2582 99.
762 2517 824 2596 ont
847 2517 897 2582 M.
919 2517 1097 2581 Antonium
1119 2536 1245 2598 oppres-

65 2602 150 2682 serit,
171 2603 202 2667 is
226 2603 339 2669 bellurn
361 2600 534 2685 confecerit.
575 2608 652 2685 toni.
667 2604 709 2687 X,
732 2609 781 2680 13,
797 2610 830 2669 2.
876 2603 972 2684 Qucum
994 2604 1131 2668 laborem
1152 2603 1242 2666 nolis

64 2689 165 2753 Attici
198 2691 299 2755 nostri
329 2690 442 2757 levarit
474 2691 563 2755 labor
597 2691 631 2776 (i.
656 2711 683 2758 e.
707 2692 836 2755 Atticus
868 2691 987 2756 levavit
1016 2688 1128 2755 labore
1160 2691 1243 2772 suo),

63 2776 116 2856 oui
139 2822 197 2842 ...
220 2797 377 2842 annorum
393 2779 661 2859 septincentornm
676 2779 857 2842 memoriam
878 2797 941 2841 uuo
963 2777 1043 2841 lilro
1065 2777 1244 2858 conliqaoit.

63 2883 107 2926 or.
137 2867 282 2945 34‚1no.
338 2864 425 2944 Quae
456 2864 597 2947 tinnitos
626 2865 677 2929 illi
708 2867 830 2928 oratori
861 2863 963 2943 deferit
997 2863 1031 2946 (i.
1061 2882 1088 2928 e.
1118 2881 1243 2928 sumnia

63 2949 224 3032 dignitato
251 2969 328 3017 usus
353 2957 404 3017 est
429 2952 508 3035 ille),
541 2953 597 3032 qni
624 2953 661 3016 in
688 2971 785 3016 carisa
807 2951 991 3031 peroranda
1019 2969 1087 3014 non
1119 2949 1243 3014 dubita-

62 3038 106 3100 uit
136 3037 273 3102 excitare
299 3058 387 3102 reum
418 3038 642 3103 consularem?
685 3037 946 3121 cleor.II,28,
971 3041 1047 3119 124,
1093 3037 1243 3100 Plarno-

63 3142 109 3187 ces
139 3129 257 3205 antem,
289 3144 408 3206 quoquo
436 3126 524 3189 morlo
552 3130 637 3208 aoet,
667 3126 789 3206 adluat
804 3144 935 3188 moram.
980 3125 1050 3188 Att.
1066 3122 1131 3206 XI,
1142 3127 1198 3201 22,
1212 3128 1243 3188 2.

69 3208 125 3291 Ut,
154 3211 396 3295 quotiescunque
427 3213 465 3276 cle
493 3211 671 3276 clarissimo
703 3219 732 3276 et
748 3212 936 3275 lentissimo
964 3212 1033 3275 oiro
1061 3212 1242 3292 waltemus,

59 3296 278 3377 illumpotius
299 3319 393 3380 qrram
415 3300 639 3378 nosmetipsos
663 3299 794 3381 dilioere
821 3299 994 3363 oicleamur.
1039 3297 1137 3361 Brut.
1160 3301 1190 3376 1,
1214 3303 1244 3361 4.

62 3382 238 3458 (Generale
259 3404 433 3466 pronomen
456 3387 629 3452 relativum
650 3386 713 3450 nisi
735 3387 767 3449 in
791 3385 841 3450 his
862 3384 987 3449 duobus
1002 3385 1081 3448 locis
1105 3402 1167 3447 non
1190 3402 1242 3447 oc-

64 3470 189 3550 currit.)
230 3471 289 3553 fin.
312 3471 341 3552 I,
366 3476 396 3556 1,
419 3477 453 3537 2.
482 3493 549 3537 sen.
572 3478 623 3550 14,
645 3475 695 3535 47.
726 3473 763 3537 cle
786 3492 830 3536 or.
855 3470 907 3546 ΙΙ,
932 3476 985 3542 12,
1010 3474 1061 3534 53.
1093 3473 1241 3549 39,164.

63 3555 141 3620 Sicll.
163 3560 197 3636 2,
220 3561 249 3621 4.
273 3560 322 3640 off.
344 3558 375 3632 Ι,
398 3562 453 3640 25,
474 3562 527 3623 85.
549 3563 601 3642 29,
623 3563 695 3624 102.
718 3558 769 3637 ΙΙ,
792 3562 847 3632 22,
870 3561 924 3622 78.
948 3556 1021 3634 ΙΙΙ,
1044 3560 1094 3635 13,
1111 3558 1163 3620 55.
1188 3561 1241 3634 20,

62 3645 110 3707 79.
136 3642 192 3724 lea.
215 3644 286 3726 ΙΙΙ,
309 3649 359 3722 19,
385 3649 437 3710 42.
462 3645 557 3710 Rosa.
580 3647 653 3710 Am.
678 3649 729 3721 31,
752 3648 803 3709 87.
828 3645 920 3708 Rosa.
939 3643 1021 3709 Com.
1045 3646 1095 3720 18,
1118 3646 1169 3707 53.
1193 3647 1244 3722 17,

62 3732 112 3793 52.
151 3729 236 3795 Verr.
255 3730 291 3813 V,
311 3733 364 3810 25,
381 3735 434 3797 62.
464 3735 524 3813 fot.
538 3737 568 3814 9,
581 3737 632 3798 20.
678 3739 753 3796 tnse.
777 3731 852 3814 V,9,
864 3733 918 3796 27.
955 3731 1033 3795 Tim.
1056 3733 1109 3794 12.
1145 3729 1242 3794 Brut.

60 3818 208 3966 1733,ιέ55.
239 3823 300 3897 top.
322 3823 373 3894 10,
396 3821 448 3882 45.
480 3820 587 3885 Mare.
611 3822 714 3898 6,18.
746 3818 833 3885 Coeo.
855 3822 910 3901 23,
933 3821 985 3885 66.
1016 3816 1096 3886 8044.
1118 3819 1169 3895 31,
1190 3819 1242 3880 87.

93 3923 111 3965 a
148 3907 231 3986 .14,
252 3908 303 3970 32.

145 3989 388 4072 Lacedaemonii
410 3992 474 4074 ipsi
497 4013 581 4058 eum
604 3993 710 4058 onmia
734 3993 902 4057 concedunt
920 3992 1073 4056 inaniore
1087 3990 1243 4071 juvenum

60 4081 184 4154 praeter
196 4081 354 4163 stuprum,
377 4083 463 4144 tenrci
484 4100 561 4144 sone
582 4101 672 4145 mmo
695 4080 893 4159 dissaepiunt
915 4078 950 4143 iel
971 4077 1053 4160 quool
1074 4077 1242 4156 excipiunt.

62 4182 125 4244 rep.
149 4162 214 4247 IV,
236 4169 269 4246 4,
292 4170 323 4230 4.
370 4165 432 4246 Qui
461 4168 585 4249 quidem
613 4188 700 4233 rreeus
728 4167 816 4232 dolor
844 4185 914 4230 non
930 4166 1018 4230 modo
1042 4184 1103 4227 non
1126 4162 1243 4226 minui-

64 4253 120 4332 tur,
145 4271 213 4316 cum
235 4252 353 4317 socium
376 4253 438 4318 sili
459 4255 608 4337 odjunyit
630 4256 766 4321 clolorem
787 4259 885 4334 tuum,
908 4252 962 4316 secl
984 4252 1077 4316 etiam
1099 4252 1241 4334 anaetnr‘.
