2924 4904
741 321 781 382 56

168 488 223 575 (cf.
246 509 276 572 p.
301 494 339 554 41
366 497 399 558 et
422 491 488 575 48).
536 490 662 556 Brutus
693 490 777 555 enirn
800 491 951 556 Mutinae
979 489 1033 553 oin
1057 489 1129 571 joon
1158 471 1361 550 sustinebat

168 577 223 660 qni
245 577 275 641 si
297 585 499 643 conservatas
521 579 588 657 erit,
611 579 752 642 oioionns.
781 580 860 659 forn.
887 577 970 659 XII,
993 579 1022 659 6,
1044 581 1077 640 2.
1122 571 1282 653 Numquid
1303 552 1370 632 essi

170 684 298 746 consue,
324 663 357 730 (t.
382 667 512 750 Aquili,
535 666 628 747 quin,
650 666 679 730 si
703 665 791 748 ionpe
815 666 906 731 utitor
922 663 1079 747 possedit,
1103 681 1199 743 quaen
1216 657 1378 739 paueret

168 752 278 833 edicit,
303 801 309 815 .
333 801 340 814 .
365 801 371 816 .
395 773 448 836 epo
470 754 640 834 sponsione
669 752 826 818 uicerim?
857 752 980 832 Quinct.
1006 752 1059 832 27,
1080 753 1133 813 84.
1179 746 1269 810 Hine
1291 743 1388 827 (5⁶-

170 858 188 904 e
212 838 363 921 Graecia)
387 842 417 904 si
432 840 561 904 Brutos
584 841 643 904 erit
666 840 831 904 trodnotns
855 840 896 904 od
918 837 1008 902 atiud
1030 836 1153 914 bettone,
1181 831 1395 898 eroeotoaen

170 931 249 991 certe
272 927 481 992 omiserimus.
505 927 590 992 Patr.
610 926 674 1010 XI,
698 930 747 1009 11,
770 931 822 992 26.
869 927 933 990 His
954 944 1009 989 oos
1031 924 1060 988 si
1081 923 1217 987 ettennon
1239 921 1400 985 conso&

171 1013 228 1078 teon
251 1013 464 1096 tradideritis,
491 1014 568 1095 plns
597 1013 693 1078 nontto
724 1019 817 1077 erunt
847 1013 957 1078 uestris
979 1009 1144 1075 sententiis
1167 1028 1263 1089 quom
1286 990 1408 1087 sois·

168 1100 287 1183 pictatiis
307 1102 471 1166 consecuti.
496 1102 586 1165 Mne.
599 1105 651 1183 37,
663 1105 714 1166 79.
767 1100 937 1182 Utriusque
958 1097 1107 1178 temporis
1126 1099 1272 1178 frnotnnn
1295 1075 1410 1158 tht

171 1188 361 1268 monimen·
392 1239 398 1254 .
425 1239 432 1253 .
458 1189 686 1269 posterioris,
717 1189 799 1269 qnod
822 1193 850 1252 et
871 1191 1002 1251 senatus
1025 1190 1053 1249 et
1070 1183 1209 1265 populns
1233 1181 1412 1247 Rornrr·

170 1293 231 1338 uns
253 1280 283 1337 et
305 1294 411 1340 omnes
433 1277 579 1340 onortotes
609 1326 615 1340 .
641 1325 648 1338 .
674 1326 680 1341 .
705 1276 929 1355 judicaverunt
960 1274 1030 1336 sine
1058 1292 1122 1336 meo
1152 1270 1260 1335 redita
1289 1273 1416 1333 neeri

165 1361 328 1442 publicone
359 1363 482 1426 soioorn
513 1382 578 1426 esse
606 1381 669 1426 non
690 1382 787 1440 posse.
820 1363 899 1428 doen.
923 1362 980 1436 37,
1011 1364 1061 1424 99.
1107 1357 1243 1423 Ootnins
1275 1351 1378 1437 θερί
1391 1344 1418 1403 i

171 1469 320 1531 rnopnnnr
351 1469 427 1513 suae
457 1450 585 1514 uirtutis
609 1451 748 1530 fruetnni
778 1470 815 1513 oo
844 1447 1026 1531 dipnitotis,
1060 1465 1127 1509 onon
1157 1464 1263 1509 ornnes
1287 1449 1419 1508 unffi

166 1556 272 1616 prope
293 1556 362 1600 ooce
385 1537 417 1600 in
441 1537 510 1617 ipso
532 1556 585 1600 uos
607 1556 693 1616 spen
715 1536 877 1600 tobitnros
900 1555 965 1600 esse
987 1533 1126 1599 dixistis.
1149 1533 1225 1613 irnp.
1240 1532 1351 1612 Pomp
1416 1565 1421 1576 ·

172 1626 223 1702 29,
245 1624 294 1687 59.

261 1710 310 1774 Ad
326 1708 421 1776 finem
438 1710 642 1791 pervenimus
657 1710 727 1791 ejus
741 1710 867 1791 capitis,
892 1728 953 1789 quo
976 1727 1095 1790 genera
1119 1706 1425 1771 coincidentia&

174 1797 373 1863 constituere
409 1796 669 1880 studebamust).
732 1797 815 1862 Nam
852 1796 1069 1862 necessarium
1103 1792 1427 1875 arbitrabamur5

173 1885 361 1966 priusquam
386 1885 424 1949 de
447 1892 629 1966 temporum
658 1884 905 1949 coincidentium
935 1884 1170 1948 sententiarum
1193 1900 1255 1946 usu
1279 1899 1428 1962 agel

173 1975 282 2053 retur,
313 1991 407 2052 quam
439 1973 506 2036 late
535 1976 647 2051 pateat
676 1971 909 2036 coincidentiae
940 1972 986 2035 vis
1020 1975 1117 2050 atque
1141 1968 1229 2033 notio
1254 1968 1430 2033 certifl

176 2056 368 2138 quibusdam
390 2056 507 2124 finibus
531 2058 623 2139 quasi
647 2056 876 2123 circumscribi.

247 2275 273 2345 ²¹²)
292 2275 380 2329 Unum
399 2273 507 2342 quidem
526 2291 611 2343 genus
630 2291 647 2328 a
665 2291 707 2329 me
731 2275 859 2329 omissum
882 2291 937 2327 non
960 2273 1071 2341 ignoro,
1098 2270 1437 2325 definitionum)

174 2345 243 2400 dico,
282 2346 353 2400 Nam
376 2344 547 2414 definitione,
573 2362 748 2414 quaecunque
774 2346 885 2400 notione
910 2345 1003 2412 aliqua
1029 2343 1236 2409 contineantur,
1263 2357 1296 2396 ea
1315 2342 1439 2396 ita--³

175 2418 308 2485 explicari
327 2418 510 2485 postulamus,
536 2425 567 2471 ut
587 2419 700 2473 alterius
719 2419 808 2486 partis
827 2418 867 2470 vis
887 2434 946 2470 cum
966 2416 1080 2471 alterius
1098 2415 1125 2467 vi
1143 2414 1226 2482 plane
1245 2414 1282 2467 sit
1300 2429 1353 2466 una
1367 2420 1441 2457 a

175 2488 330 2556 eademque.
374 2490 443 2544 Sunt
467 2490 551 2558 igitur
573 2490 725 2544 sententiae
751 2488 942 2543 coincidentes.
984 2486 1037 2542 Sed
1063 2503 1122 2541 cum
1148 2492 1302 2553 temporum
1326 2485 1353 2537 in
1393 2491 1441 2527 κ·

174 2561 209 2615 iis
228 2576 316 2629 paene
334 2561 409 2614 nulla
429 2562 465 2616 sit
483 2562 603 2616 varietas
629 2563 701 2631 (cum
727 2568 775 2615 aut
801 2576 932 2628 praesens
956 2566 1004 2613 aut
1030 2557 1152 2612 futurum
1175 2556 1271 2611 eadem
1296 2556 1353 2610 fere
1410 2563 1441 2588 Ξ

174 2633 201 2686 vi
219 2633 284 2701 poni
304 2633 419 2700 soleant,
439 2640 469 2687 ut
487 2642 632 2701 utrumque
651 2633 685 2686 ad
704 2649 782 2687 omne
796 2632 888 2700 potius
901 2640 1008 2698 tempus
1022 2629 1139 2699 spectet)
1159 2628 1284 2682 consulto
1303 2629 1353 2681 hoc
1417 2629 1442 2657 ⁵

174 2705 371 2759 sententiarum
390 2721 475 2773 genus
494 2706 603 2759 removi.
641 2703 694 2760 Sed
712 2705 765 2757 hoc
783 2720 894 2772 possum
911 2702 1060 2768 affirmare,
1085 2699 1200 2755 eandem
1215 2701 1244 2753 in
1263 2698 1353 2752 defini·

174 2775 294 2829 tionibus
313 2792 372 2831 esse
392 2777 608 2832 enuntiationum
627 2777 761 2830 rationem
780 2783 862 2844 atque
882 2775 910 2827 in
930 2774 1029 2828 ceteris
1047 2772 1189 2828 sententiis
1203 2771 1353 2825 coinciden-

174 2846 257 2914 tibus,
275 2848 346 2901 hanc
366 2849 485 2915 scilicet,
511 2855 541 2901 ut
560 2848 593 2901 de
613 2846 792 2902 secundariae
812 2847 1007 2901 enuntiationis
1026 2861 1056 2899 re
1074 2844 1207 2912 primaria
1222 2841 1352 2912 judicium

174 2917 224 2972 fiat
242 2918 448 2986 quodammodo,
468 2920 524 2973 sive
544 2918 707 2974 secundaria
726 2919 851 2988 subjecti,
877 2917 1009 2985 primaria
1028 2915 1181 2984 praedicati
1200 2915 1291 2968 locum
1309 2913 1352 2966 ob·

174 2989 270 3044 tineat.
307 2991 404 3045 Velut:
429 2991 507 3060 Quod
521 3007 624 3058 semper
636 2997 762 3058 mouetur,
785 2997 924 3046 oeternum
937 2996 982 3043 est.
1002 2995 1069 3043 tuse.
1080 2987 1158 3054 I‚23,
1169 2989 1211 3040 53.
1254 2984 1352 3051 &mesni

176 3067 222 3128 est,
243 3062 289 3128 qni
308 3062 425 3116 consulit
438 3062 557 3129 patriae.
578 3062 610 3115 oie
629 3079 666 3115 or.
686 3063 729 3129 Π,
748 3065 870 3130 39,165.
907 3061 1015 3114 Eudone
1033 3059 1103 3113 ratio
1123 3074 1184 3111 enno
1204 3057 1292 3112 estin
1310 3055 1352 3108 iro

174 3132 259 3185 urinis
281 3139 367 3186 mente
391 3134 550 3199 construente
576 3139 599 3186 et
618 3131 754 3200 perfeeto,
778 3135 821 3188 ten
845 3139 890 3186 est.
920 3133 1012 3202 tepl,
1035 3134 1121 3198 6,18.
1163 3128 1231 3183 Onon
1248 3127 1353 3182 rationo

175 3203 424 3330 iiimfflimmr
438 3204 548 3272 pianda
568 3211 648 3272 otone
663 3210 824 3272 connonter,
843 3211 901 3259 turn
918 3203 991 3258 toton
1006 3201 1141 3273 pendium
1159 3201 1267 3256 dicitnr.
1286 3205 1350 3253 tusc.

220 3317 228 3344 ,
265 3318 273 3345 ,
329 3318 335 3331 .
