<?xml version="1.0" encoding="UTF-8"?>
<!DOCTYPE html PUBLIC "-//W3C//DTD XHTML 1.0 Transitional//EN"
    "http://www.w3.org/TR/xhtml1/DTD/xhtml1-transitional.dtd">
<html xmlns="http://www.w3.org/1999/xhtml" xml:lang="en" lang="en">
 <head>
  <title>
</title>
<meta http-equiv="Content-Type" content="text/html;charset=utf-8" />
  <meta name='ocr-system' content='tesseract 3.04.00' />
  <meta name='ocr-capabilities' content='ocr_page ocr_carea ocr_par ocr_line ocrx_word'/>
</head>
<body>
  <div class='ocr_page' id='page_1' title='image "./decoincidentiae00lattgoog_0014.png"; bbox 0 0 2924 4904; ppageno 0'>
   <div class='ocr_carea' id='block_1_1' title="bbox 648 1197 821 1296">
    <p class='ocr_par' dir='ltr' id='par_1_1' title="bbox 648 1197 821 1296">
     <span class='ocr_line' id='line_1_1' title="bbox 648 1197 821 1296; baseline 0.006 -23"><span class='ocrx_word' id='word_1_1' title='bbox 648 1197 768 1296; x_wconf 81' lang='lat' dir='ltr'>Oaput</span> <span class='ocrx_word' id='word_1_2' title='bbox 793 1200 821 1274; x_wconf 83' lang='lat' dir='ltr'><strong>L</strong></span> 
     </span>
    </p>
   </div>
   <div class='ocr_carea' id='block_1_2' title="bbox 352 1387 1111 1472">
    <p class='ocr_par' dir='ltr' id='par_1_2' title="bbox 352 1387 1111 1472">
     <span class='ocr_line' id='line_1_2' title="bbox 352 1387 1111 1472; baseline 0.004 -4"><span class='ocrx_word' id='word_1_3' title='bbox 352 1387 413 1468; x_wconf 88' lang='lat' dir='ltr'>De</span> <span class='ocrx_word' id='word_1_4' title='bbox 441 1387 745 1472; x_wconf 88' lang='lat' dir='ltr'>coincidentiae</span> <span class='ocrx_word' id='word_1_5' title='bbox 778 1389 820 1471; x_wconf 90' lang='lat' dir='ltr'>vi</span> <span class='ocrx_word' id='word_1_6' title='bbox 852 1413 900 1472; x_wconf 91' lang='lat' dir='ltr'>ao</span> <span class='ocrx_word' id='word_1_7' title='bbox 930 1389 1111 1472; x_wconf 83' lang='lat' dir='ltr'>notione.</span> 
     </span>
    </p>
   </div>
   <div class='ocr_carea' id='block_1_3' title="bbox 145 1585 1322 1934">
    <p class='ocr_par' dir='ltr' id='par_1_3' title="bbox 145 1585 1322 1934">
     <span class='ocr_line' id='line_1_3' title="bbox 234 1585 1322 1658; baseline 0.005 -8"><span class='ocrx_word' id='word_1_8' title='bbox 234 1585 313 1651; x_wconf 82' lang='lat' dir='ltr'>Cum</span> <span class='ocrx_word' id='word_1_9' title='bbox 337 1588 418 1653; x_wconf 88' lang='lat' dir='ltr'>alios</span> <span class='ocrx_word' id='word_1_10' title='bbox 441 1590 573 1653; x_wconf 91' lang='lat' dir='ltr'>summis</span> <span class='ocrx_word' id='word_1_11' title='bbox 597 1589 746 1656; x_wconf 81' lang='lat' dir='ltr'>laudibus</span> <span class='ocrx_word' id='word_1_12' title='bbox 767 1590 955 1655; x_wconf 89' lang='lat' dir='ltr'>Lattmanni</span> <span class='ocrx_word' id='word_1_13' title='bbox 978 1596 1011 1655; x_wconf 90' lang='lat' dir='ltr'>et</span> <span class='ocrx_word' id='word_1_14' title='bbox 1034 1591 1183 1655; x_wconf 88' lang='lat' dir='ltr'>Muelleri</span> <span class='ocrx_word' id='word_1_15' title='bbox 1207 1591 1246 1656; x_wconf 93' lang='lat' dir='ltr'>de</span> <span class='ocrx_word' id='word_1_16' title='bbox 1270 1610 1322 1658; x_wconf 94' lang='lat' dir='ltr'>co·</span> 
     </span>
     <span class='ocr_line' id='line_1_4' title="bbox 145 1671 1321 1759; baseline 0.009 -26"><span class='ocrx_word' id='word_1_17' title='bbox 145 1671 320 1738; x_wconf 78' lang='lat' dir='ltr'>incidentia</span> <span class='ocrx_word' id='word_1_18' title='bbox 345 1674 523 1740; x_wconf 81' lang='lat' dir='ltr'>doctrinam</span> <span class='ocrx_word' id='word_1_19' title='bbox 548 1676 671 1759; x_wconf 89' lang='lat' dir='ltr'>efferre,</span> <span class='ocrx_word' id='word_1_20' title='bbox 696 1678 776 1742; x_wconf 88' lang='lat' dir='ltr'>alios</span> <span class='ocrx_word' id='word_1_21' title='bbox 801 1696 872 1742; x_wconf 87' lang='lat' dir='ltr'>eam</span> <span class='ocrx_word' id='word_1_22' title='bbox 893 1696 1025 1758; x_wconf 90' lang='lat' dir='ltr'>prorsus</span> <span class='ocrx_word' id='word_1_23' title='bbox 1049 1679 1210 1759; x_wconf 83' lang='lat' dir='ltr'>negligere</span> <span class='ocrx_word' id='word_1_24' title='bbox 1232 1678 1321 1744; x_wconf 83' lang='lat' dir='ltr'>vide-</span> 
     </span>
     <span class='ocr_line' id='line_1_5' title="bbox 145 1759 1320 1846; baseline 0.005 -25"><span class='ocrx_word' id='word_1_25' title='bbox 145 1776 232 1837; x_wconf 91' lang='lat' dir='ltr'>rem,</span> <span class='ocrx_word' id='word_1_26' title='bbox 262 1759 323 1824; x_wconf 91' lang='lat' dir='ltr'>hoc</span> <span class='ocrx_word' id='word_1_27' title='bbox 348 1761 425 1825; x_wconf 90' lang='lat' dir='ltr'>mihi</span> <span class='ocrx_word' id='word_1_28' title='bbox 448 1765 616 1844; x_wconf 89' lang='lat' dir='ltr'>proposui,</span> <span class='ocrx_word' id='word_1_29' title='bbox 649 1771 684 1829; x_wconf 89' lang='lat' dir='ltr'>ut</span> <span class='ocrx_word' id='word_1_30' title='bbox 714 1783 807 1844; x_wconf 88' lang='lat' dir='ltr'>quarn</span> <span class='ocrx_word' id='word_1_31' title='bbox 837 1766 901 1828; x_wconf 88' lang='lat' dir='ltr'>vim</span> <span class='ocrx_word' id='word_1_32' title='bbox 924 1764 1043 1829; x_wconf 89' lang='lat' dir='ltr'>habeat</span> <span class='ocrx_word' id='word_1_33' title='bbox 1074 1783 1112 1828; x_wconf 89' lang='lat' dir='ltr'>ea</span> <span class='ocrx_word' id='word_1_34' title='bbox 1142 1782 1236 1846; x_wconf 87' lang='lat' dir='ltr'>quam</span> <span class='ocrx_word' id='word_1_35' title='bbox 1273 1765 1320 1828; x_wconf 94' lang='lat' dir='ltr'>illi</span> 
     </span>
     <span class='ocr_line' id='line_1_6' title="bbox 145 1849 1320 1934; baseline 0.008 -26"><span class='ocrx_word' id='word_1_36' title='bbox 145 1851 260 1910; x_wconf 89' lang='lat' dir='ltr'>vocant</span> <span class='ocrx_word' id='word_1_37' title='bbox 284 1849 512 1931; x_wconf 81' lang='lat' dir='ltr'>coincidentia,</span> <span class='ocrx_word' id='word_1_38' title='bbox 537 1850 652 1931; x_wconf 91' lang='lat' dir='ltr'>quibus</span> <span class='ocrx_word' id='word_1_39' title='bbox 676 1850 803 1934; x_wconf 91' lang='lat' dir='ltr'>legibus</span> <span class='ocrx_word' id='word_1_40' title='bbox 822 1851 1034 1932; x_wconf 89' lang='lat' dir='ltr'>contineatur,</span> <span class='ocrx_word' id='word_1_41' title='bbox 1059 1869 1153 1931; x_wconf 92' lang='lat' dir='ltr'>quam</span> <span class='ocrx_word' id='word_1_42' title='bbox 1175 1851 1241 1917; x_wconf 87' lang='lat' dir='ltr'>late</span> <span class='ocrx_word' id='word_1_43' title='bbox 1263 1871 1320 1932; x_wconf 92' lang='lat' dir='ltr'>pa-</span> 
     </span>
    </p>
   </div>
   <div class='ocr_carea' id='block_1_4' title="bbox 144 1933 1438 2019">
    <p class='ocr_par' dir='ltr' id='par_1_4' title="bbox 144 1933 1438 2019">
     <span class='ocr_line' id='line_1_7' title="bbox 144 1933 1438 2019; baseline 0.005 -24"><span class='ocrx_word' id='word_1_44' title='bbox 144 1935 224 2011; x_wconf 89' lang='lat' dir='ltr'>teat,</span> <span class='ocrx_word' id='word_1_45' title='bbox 249 1933 413 2000; x_wconf 82' lang='lat' dir='ltr'>Ciceronis</span> <span class='ocrx_word' id='word_1_46' title='bbox 437 1935 528 2000; x_wconf 87' lang='lat' dir='ltr'>libris</span> <span class='ocrx_word' id='word_1_47' title='bbox 551 1937 703 2018; x_wconf 83' lang='lat' dir='ltr'>perlectis</span> <span class='ocrx_word' id='word_1_48' title='bbox 726 1936 883 2016; x_wconf 88' lang='lat' dir='ltr'>omnibus,</span> <span class='ocrx_word' id='word_1_49' title='bbox 909 1957 1002 2019; x_wconf 88' lang='lat' dir='ltr'>quarn</span> <span class='ocrx_word' id='word_1_50' title='bbox 1021 1938 1186 2003; x_wconf 87' lang='lat' dir='ltr'>verissime</span> <span class='ocrx_word' id='word_1_51' title='bbox 1203 1956 1319 2018; x_wconf 87' lang='lat' dir='ltr'>cogno·</span> <span class='ocrx_word' id='word_1_52' title='bbox 1436 1987 1438 1992; x_wconf 89' lang='lat'>.</span> 
     </span>
    </p>
   </div>
   <div class='ocr_carea' id='block_1_5' title="bbox 143 2022 1319 2192">
    <p class='ocr_par' dir='ltr' id='par_1_5' title="bbox 143 2022 1319 2192">
     <span class='ocr_line' id='line_1_8' title="bbox 143 2022 1319 2106; baseline 0.006 -24"><span class='ocrx_word' id='word_1_53' title='bbox 143 2036 276 2084; x_wconf 87' lang='lat' dir='ltr'>scerem.</span> <span class='ocrx_word' id='word_1_54' title='bbox 323 2022 435 2087; x_wconf 91' lang='lat' dir='ltr'>Totius</span> <span class='ocrx_word' id='word_1_55' title='bbox 458 2028 566 2088; x_wconf 92' lang='lat' dir='ltr'>autem</span> <span class='ocrx_word' id='word_1_56' title='bbox 587 2025 681 2089; x_wconf 90' lang='lat' dir='ltr'>huius</span> <span class='ocrx_word' id='word_1_57' title='bbox 706 2024 944 2090; x_wconf 89' lang='lat' dir='ltr'>dissertationis</span> <span class='ocrx_word' id='word_1_58' title='bbox 968 2025 1073 2105; x_wconf 90' lang='lat' dir='ltr'>capite</span> <span class='ocrx_word' id='word_1_59' title='bbox 1095 2026 1198 2105; x_wconf 89' lang='lat' dir='ltr'>primo</span> <span class='ocrx_word' id='word_1_60' title='bbox 1222 2044 1319 2106; x_wconf 89' lang='lat' dir='ltr'>quae·</span> 
     </span>
     <span class='ocr_line' id='line_1_9' title="bbox 143 2106 1229 2192; baseline 0.006 -23"><span class='ocrx_word' id='word_1_61' title='bbox 143 2106 278 2172; x_wconf 91' lang='lat' dir='ltr'>rendum</span> <span class='ocrx_word' id='word_1_62' title='bbox 301 2107 437 2192; x_wconf 89' lang='lat' dir='ltr'>videtur,</span> <span class='ocrx_word' id='word_1_63' title='bbox 461 2128 542 2190; x_wconf 89' lang='lat' dir='ltr'>quae</span> <span class='ocrx_word' id='word_1_64' title='bbox 566 2112 609 2176; x_wconf 91' lang='lat' dir='ltr'>sit</span> <span class='ocrx_word' id='word_1_65' title='bbox 632 2113 680 2176; x_wconf 88' lang='lat' dir='ltr'>vis</span> <span class='ocrx_word' id='word_1_66' title='bbox 703 2130 741 2176; x_wconf 92' lang='lat' dir='ltr'>ac</span> <span class='ocrx_word' id='word_1_67' title='bbox 764 2113 852 2176; x_wconf 92' lang='lat' dir='ltr'>notio</span> <span class='ocrx_word' id='word_1_68' title='bbox 874 2112 962 2177; x_wconf 90' lang='lat' dir='ltr'>illius</span> <span class='ocrx_word' id='word_1_69' title='bbox 987 2110 1229 2178; x_wconf 89' lang='lat' dir='ltr'>coincidentiae.</span> 
     </span>
    </p>
   </div>
   <div class='ocr_carea' id='block_1_6' title="bbox 229 2283 1319 2451">
    <p class='ocr_par' dir='ltr' id='par_1_6' title="bbox 229 2283 1319 2451">
     <span class='ocr_line' id='line_1_10' title="bbox 229 2283 1319 2451; baseline 0.001 -20"><span class='ocrx_word' id='word_1_70' title='bbox 229 2367 335 2447; x_wconf 85' lang='lat' dir='ltr'>Atque</span> <span class='ocrx_word' id='word_1_71' title='bbox 357 2368 493 2449; x_wconf 89' lang='lat' dir='ltr'>primum</span> <span class='ocrx_word' id='word_1_72' title='bbox 523 2387 578 2451; x_wconf 89' lang='lat' dir='ltr'>ea,</span> <span class='ocrx_word' id='word_1_73' title='bbox 613 2283 1056 2449; x_wconf 69' lang='lat' dir='ltr'>quaeAbattm.-Muell.</span> <span class='ocrx_word' id='word_1_74' title='bbox 1091 2368 1139 2434; x_wconf 93' lang='lat' dir='ltr'>de</span> <span class='ocrx_word' id='word_1_75' title='bbox 1173 2369 1319 2434; x_wconf 90' lang='lat' dir='ltr'>coinci-</span> 
     </span>
    </p>
   </div>
   <div class='ocr_carea' id='block_1_7' title="bbox 83 2451 1319 4361">
    <p class='ocr_par' dir='ltr' id='par_1_7' title="bbox 140 2451 1319 3054">
     <span class='ocr_line' id='line_1_11' title="bbox 142 2451 1318 2541; baseline 0.002 -24"><span class='ocrx_word' id='word_1_76' title='bbox 142 2451 291 2518; x_wconf 88' lang='lat' dir='ltr'>dentia</span> <span class='ocrx_word' id='word_1_77' title='bbox 315 2455 560 2536; x_wconf 82' lang='lat' dir='ltr'>docuerint,</span> <span class='ocrx_word' id='word_1_78' title='bbox 593 2455 708 2537; x_wconf 87' lang='lat' dir='ltr'>quibus</span> <span class='ocrx_word' id='word_1_79' title='bbox 732 2456 887 2537; x_wconf 90' lang='lat' dir='ltr'>exemplis</span> <span class='ocrx_word' id='word_1_80' title='bbox 910 2455 1094 2538; x_wconf 89' lang='lat' dir='ltr'>probarint,</span> <span class='ocrx_word' id='word_1_81' title='bbox 1118 2455 1246 2541; x_wconf 90' lang='lat' dir='ltr'>singula</span> <span class='ocrx_word' id='word_1_82' title='bbox 1270 2455 1318 2521; x_wconf 93' lang='lat' dir='ltr'>di-</span> 
     </span>
     <span class='ocr_line' id='line_1_12' title="bbox 142 2539 1319 2624; baseline 0.003 -21"><span class='ocrx_word' id='word_1_83' title='bbox 142 2539 282 2623; x_wconf 90' lang='lat' dir='ltr'>ligenter</span> <span class='ocrx_word' id='word_1_84' title='bbox 303 2542 551 2623; x_wconf 87' lang='lat' dir='ltr'>perpendamus.</span> <span class='ocrx_word' id='word_1_85' title='bbox 598 2542 667 2618; x_wconf 80' lang='lat' dir='ltr'>Qua</span> <span class='ocrx_word' id='word_1_86' title='bbox 690 2545 781 2608; x_wconf 93' lang='lat' dir='ltr'>inre</span> <span class='ocrx_word' id='word_1_87' title='bbox 805 2545 980 2624; x_wconf 86' lang='lat' dir='ltr'>pleniorem</span> <span class='ocrx_word' id='word_1_88' title='bbox 1008 2543 1137 2608; x_wconf 91' lang='lat' dir='ltr'>illorum</span> <span class='ocrx_word' id='word_1_89' title='bbox 1160 2561 1319 2624; x_wconf 88' lang='lat' dir='ltr'>gramma·</span> 
     </span>
     <span class='ocr_line' id='line_1_13' title="bbox 143 2627 1318 2713; baseline 0.003 -23"><span class='ocrx_word' id='word_1_90' title='bbox 143 2627 241 2692; x_wconf 88' lang='lat' dir='ltr'>ticam</span> <span class='ocrx_word' id='word_1_91' title='bbox 264 2635 462 2708; x_wconf 85' lang='lat' dir='ltr'>postremum</span> <span class='ocrx_word' id='word_1_92' title='bbox 478 2629 597 2694; x_wconf 90' lang='lat' dir='ltr'>editam</span> <span class='ocrx_word' id='word_1_93' title='bbox 622 2649 650 2694; x_wconf 91' lang='lat' dir='ltr'>a.</span> <span class='ocrx_word' id='word_1_94' title='bbox 667 2634 759 2709; x_wconf 83' lang='lat'>1872,</span> <span class='ocrx_word' id='word_1_95' title='bbox 784 2649 866 2711; x_wconf 87' lang='lat' dir='ltr'>quae</span> <span class='ocrx_word' id='word_1_96' title='bbox 888 2627 1077 2695; x_wconf 85' lang='lat' dir='ltr'>inscribitur</span> <span class='ocrx_word' id='word_1_97' title='bbox 1100 2631 1191 2713; x_wconf 80' lang='lat' dir='ltr'>,Lat</span> <span class='ocrx_word' id='word_1_98' title='bbox 1206 2629 1318 2694; x_wconf 85' lang='lat' dir='ltr'>Schul-</span> 
     </span>
     <span class='ocr_line' id='line_1_14' title="bbox 143 2715 1318 2797; baseline 0.003 -20"><span class='ocrx_word' id='word_1_99' title='bbox 143 2716 339 2796; x_wconf 89' lang='lat' dir='ltr'>grammatik</span> <span class='ocrx_word' id='word_1_100' title='bbox 362 2715 414 2780; x_wconf 82' lang='lat' dir='ltr'>idr</span> <span class='ocrx_word' id='word_1_101' title='bbox 436 2716 499 2780; x_wconf 92' lang='lat' dir='ltr'>alle</span> <span class='ocrx_word' id='word_1_102' title='bbox 523 2715 694 2794; x_wconf 79' lang='lat' dir='ltr'>Klassen“‚</span> <span class='ocrx_word' id='word_1_103' title='bbox 726 2717 819 2797; x_wconf 88' lang='lat' dir='ltr'>quasi</span> <span class='ocrx_word' id='word_1_104' title='bbox 843 2718 956 2781; x_wconf 88' lang='lat' dir='ltr'>ducem</span> <span class='ocrx_word' id='word_1_105' title='bbox 979 2734 1166 2797; x_wconf 88' lang='lat' dir='ltr'>sequamur,</span> <span class='ocrx_word' id='word_1_106' title='bbox 1199 2717 1245 2780; x_wconf 90' lang='lat' dir='ltr'>ita</span> <span class='ocrx_word' id='word_1_107' title='bbox 1267 2721 1318 2780; x_wconf 94' lang='lat' dir='ltr'>ta-</span> 
     </span>
     <span class='ocr_line' id='line_1_15' title="bbox 140 2802 1315 2885; baseline 0.002 -21"><span class='ocrx_word' id='word_1_108' title='bbox 140 2819 229 2882; x_wconf 91' lang='lat' dir='ltr'>men,</span> <span class='ocrx_word' id='word_1_109' title='bbox 260 2806 296 2866; x_wconf 93' lang='lat' dir='ltr'>ut</span> <span class='ocrx_word' id='word_1_110' title='bbox 320 2820 528 2884; x_wconf 89' lang='lat' dir='ltr'>quaecunque</span> <span class='ocrx_word' id='word_1_111' title='bbox 551 2804 584 2867; x_wconf 94' lang='lat' dir='ltr'>in</span> <span class='ocrx_word' id='word_1_112' title='bbox 608 2802 754 2868; x_wconf 84' lang='lat' dir='ltr'>breviore</span> <span class='ocrx_word' id='word_1_113' title='bbox 780 2804 920 2868; x_wconf 88' lang='lat' dir='ltr'>editione</span> <span class='ocrx_word' id='word_1_114' title='bbox 945 2804 1118 2867; x_wconf 87' lang='lat' dir='ltr'>novissima</span> <span class='ocrx_word' id='word_1_115' title='bbox 1150 2802 1315 2885; x_wconf 87' lang='lat' dir='ltr'>(Kurzgei.</span> 
     </span>
     <span class='ocr_line' id='line_1_16' title="bbox 140 2887 1316 2972; baseline 0.002 -21"><span class='ocrx_word' id='word_1_116' title='bbox 140 2887 194 2951; x_wconf 90' lang='lat' dir='ltr'>lat.</span> <span class='ocrx_word' id='word_1_117' title='bbox 219 2887 361 2952; x_wconf 83' lang='lat' dir='ltr'>Gramm.</span> <span class='ocrx_word' id='word_1_118' title='bbox 387 2895 415 2953; x_wconf 82' lang='lat'>5.</span> <span class='ocrx_word' id='word_1_119' title='bbox 440 2888 520 2954; x_wconf 83' lang='lat' dir='ltr'>And.</span> <span class='ocrx_word' id='word_1_120' title='bbox 548 2891 645 2972; x_wconf 83' lang='lat'>1884)</span> <span class='ocrx_word' id='word_1_121' title='bbox 669 2894 795 2955; x_wconf 91' lang='lat' dir='ltr'>mutata</span> <span class='ocrx_word' id='word_1_122' title='bbox 818 2895 910 2968; x_wconf 90' lang='lat' dir='ltr'>sunt,</span> <span class='ocrx_word' id='word_1_123' title='bbox 934 2888 1146 2955; x_wconf 84' lang='lat' dir='ltr'>conferamus.</span> <span class='ocrx_word' id='word_1_124' title='bbox 1192 2890 1316 2954; x_wconf 88' lang='lat' dir='ltr'>Distin-</span> 
     </span>
     <span class='ocr_line' id='line_1_17' title="bbox 141 2975 1064 3054; baseline 0.003 -16"><span class='ocrx_word' id='word_1_125' title='bbox 141 2992 274 3054; x_wconf 89' lang='lat' dir='ltr'>guemus</span> <span class='ocrx_word' id='word_1_126' title='bbox 297 2975 356 3040; x_wconf 90' lang='lat' dir='ltr'>has</span> <span class='ocrx_word' id='word_1_127' title='bbox 380 2975 539 3040; x_wconf 87' lang='lat' dir='ltr'>editiones</span> <span class='ocrx_word' id='word_1_128' title='bbox 561 2976 612 3040; x_wconf 87' lang='lat' dir='ltr'>his</span> <span class='ocrx_word' id='word_1_129' title='bbox 635 2978 730 3054; x_wconf 90' lang='lat' dir='ltr'>notis,</span> <span class='ocrx_word' id='word_1_130' title='bbox 754 2977 803 3040; x_wconf 91' lang='lat' dir='ltr'>ed.</span> <span class='ocrx_word' id='word_1_131' title='bbox 828 2978 875 3041; x_wconf 90' lang='grc' dir='ltr'>ΙΙΙ</span> <span class='ocrx_word' id='word_1_132' title='bbox 898 2980 931 3040; x_wconf 92' lang='lat' dir='ltr'>et</span> <span class='ocrx_word' id='word_1_133' title='bbox 953 2976 1002 3039; x_wconf 88' lang='lat' dir='ltr'>ed.</span> <span class='ocrx_word' id='word_1_134' title='bbox 1026 2976 1064 3041; x_wconf 89' lang='lat' dir='ltr'>V.</span> 
     </span>
    </p>

    <p class='ocr_par' dir='ltr' id='par_1_8' title="bbox 139 3061 1317 3925">
     <span class='ocr_line' id='line_1_18' title="bbox 228 3061 1315 3137; baseline 0.003 -12"><span class='ocrx_word' id='word_1_135' title='bbox 228 3061 314 3137; x_wconf 80' lang='lat' dir='ltr'>Quas</span> <span class='ocrx_word' id='word_1_136' title='bbox 337 3063 575 3127; x_wconf 88' lang='lat' dir='ltr'>enuntiationes</span> <span class='ocrx_word' id='word_1_137' title='bbox 598 3063 844 3128; x_wconf 89' lang='lat' dir='ltr'>Lattm-Muell.</span> <span class='ocrx_word' id='word_1_138' title='bbox 869 3062 1086 3128; x_wconf 88' lang='lat' dir='ltr'>coincidentes</span> <span class='ocrx_word' id='word_1_139' title='bbox 1116 3062 1180 3127; x_wconf 91' lang='lat' dir='ltr'>dici</span> <span class='ocrx_word' id='word_1_140' title='bbox 1208 3061 1315 3128; x_wconf 87' lang='lat' dir='ltr'>volue-</span> 
     </span>
     <span class='ocr_line' id='line_1_19' title="bbox 141 3147 1317 3233; baseline 0.005 -25"><span class='ocrx_word' id='word_1_141' title='bbox 141 3147 215 3224; x_wconf 86' lang='lat' dir='ltr'>rint,</span> <span class='ocrx_word' id='word_1_142' title='bbox 240 3148 287 3213; x_wconf 88' lang='lat' dir='ltr'>eis</span> <span class='ocrx_word' id='word_1_143' title='bbox 310 3148 417 3214; x_wconf 89' lang='lat' dir='ltr'>verbis</span> <span class='ocrx_word' id='word_1_144' title='bbox 441 3148 703 3233; x_wconf 89' lang='lat' dir='ltr'>significaverunt</span> <span class='ocrx_word' id='word_1_145' title='bbox 727 3149 777 3214; x_wconf 88' lang='lat' dir='ltr'>ed.</span> <span class='ocrx_word' id='word_1_146' title='bbox 797 3150 853 3214; x_wconf 89' lang='lat' dir='ltr'>Ill.</span> <span class='ocrx_word' id='word_1_147' title='bbox 878 3151 895 3233; x_wconf 60' lang='grc' dir='ltr'>ξ</span> <span class='ocrx_word' id='word_1_148' title='bbox 922 3155 1000 3230; x_wconf 82' lang='grc'>109,</span> <span class='ocrx_word' id='word_1_149' title='bbox 1024 3168 1106 3230; x_wconf 88' lang='lat' dir='ltr'>quae</span> <span class='ocrx_word' id='word_1_150' title='bbox 1130 3149 1220 3213; x_wconf 91' lang='lat' dir='ltr'>initio</span> <span class='ocrx_word' id='word_1_151' title='bbox 1243 3168 1317 3230; x_wconf 92' lang='lat' dir='ltr'>pro-</span> 
     </span>
     <span class='ocr_line' id='line_1_20' title="bbox 141 3233 1314 3317; baseline 0.004 -21"><span class='ocrx_word' id='word_1_152' title='bbox 141 3233 235 3297; x_wconf 88' lang='lat' dir='ltr'>oemii</span> <span class='ocrx_word' id='word_1_153' title='bbox 258 3237 514 3316; x_wconf 83' lang='lat' dir='ltr'>perscripsimus</span> <span class='ocrx_word' id='word_1_154' title='bbox 560 3237 672 3302; x_wconf 89' lang='lat' dir='ltr'>Multis</span> <span class='ocrx_word' id='word_1_155' title='bbox 705 3238 858 3317; x_wconf 86' lang='lat' dir='ltr'>exemplis</span> <span class='ocrx_word' id='word_1_156' title='bbox 888 3235 1005 3299; x_wconf 92' lang='lat' dir='ltr'>ibidem</span> <span class='ocrx_word' id='word_1_157' title='bbox 1039 3236 1148 3300; x_wconf 87' lang='lat' dir='ltr'>allatis</span> <span class='ocrx_word' id='word_1_158' title='bbox 1172 3236 1218 3300; x_wconf 89' lang='lat' dir='ltr'>sic</span> <span class='ocrx_word' id='word_1_159' title='bbox 1241 3255 1314 3317; x_wconf 91' lang='lat' dir='ltr'>per-</span> 
     </span>
     <span class='ocr_line' id='line_1_21' title="bbox 140 3320 1315 3406; baseline 0.003 -23"><span class='ocrx_word' id='word_1_160' title='bbox 140 3320 226 3401; x_wconf 82' lang='lat' dir='ltr'>gitur</span> <span class='ocrx_word' id='word_1_161' title='bbox 249 3340 321 3386; x_wconf 89' lang='lat' dir='ltr'>ann.</span> <span class='ocrx_word' id='word_1_162' title='bbox 349 3329 385 3386; x_wconf 88' lang='lat' dir='ltr'>i:</span> <span class='ocrx_word' id='word_1_163' title='bbox 422 3325 509 3406; x_wconf 85' lang='lat' dir='ltr'>,Ans</span> <span class='ocrx_word' id='word_1_164' title='bbox 541 3322 602 3387; x_wconf 90' lang='lat' dir='ltr'>den</span> <span class='ocrx_word' id='word_1_165' title='bbox 635 3322 848 3404; x_wconf 79' lang='lat' dir='ltr'>angeidhrten</span> <span class='ocrx_word' id='word_1_166' title='bbox 880 3323 1062 3403; x_wconf 89' lang='lat' dir='ltr'>Beispielen</span> <span class='ocrx_word' id='word_1_167' title='bbox 1096 3320 1205 3406; x_wconf 91' lang='lat' dir='ltr'>ergibt</span> <span class='ocrx_word' id='word_1_168' title='bbox 1236 3323 1315 3405; x_wconf 90' lang='lat' dir='ltr'>sich,</span> 
     </span>
     <span class='ocr_line' id='line_1_22' title="bbox 141 3406 1315 3492; baseline 0.003 -22"><span class='ocrx_word' id='word_1_169' title='bbox 141 3407 237 3492; x_wconf 92' lang='lat' dir='ltr'>„dass</span> <span class='ocrx_word' id='word_1_170' title='bbox 261 3408 312 3474; x_wconf 90' lang='lat' dir='ltr'>die</span> <span class='ocrx_word' id='word_1_171' title='bbox 332 3409 490 3474; x_wconf 81' lang='lat' dir='ltr'>identitat</span> <span class='ocrx_word' id='word_1_172' title='bbox 513 3409 570 3473; x_wconf 91' lang='lat' dir='ltr'>der</span> <span class='ocrx_word' id='word_1_173' title='bbox 593 3408 709 3475; x_wconf 88' lang='lat' dir='ltr'>beiden</span> <span class='ocrx_word' id='word_1_174' title='bbox 726 3410 902 3474; x_wconf 87' lang='lat' dir='ltr'>Pradikate</span> <span class='ocrx_word' id='word_1_175' title='bbox 926 3409 995 3472; x_wconf 87' lang='lat' dir='ltr'>sich</span> <span class='ocrx_word' id='word_1_176' title='bbox 1014 3406 1125 3492; x_wconf 84' lang='lat' dir='ltr'>haulig</span> <span class='ocrx_word' id='word_1_177' title='bbox 1141 3409 1315 3488; x_wconf 60' lang='lat' dir='ltr'>vorstede,</span> 
     </span>
     <span class='ocr_line' id='line_1_23' title="bbox 140 3493 1314 3577; baseline 0.003 -21"><span class='ocrx_word' id='word_1_178' title='bbox 140 3493 266 3577; x_wconf 85' lang='lat' dir='ltr'>,indem</span> <span class='ocrx_word' id='word_1_179' title='bbox 289 3494 322 3559; x_wconf 94' lang='lat' dir='ltr'>in</span> <span class='ocrx_word' id='word_1_180' title='bbox 346 3497 419 3560; x_wconf 89' lang='lat' dir='ltr'>dem</span> <span class='ocrx_word' id='word_1_181' title='bbox 442 3497 534 3562; x_wconf 87' lang='lat' dir='ltr'>einen</span> <span class='ocrx_word' id='word_1_182' title='bbox 555 3495 650 3563; x_wconf 84' lang='lat' dir='ltr'>Satue</span> <span class='ocrx_word' id='word_1_183' title='bbox 675 3497 838 3561; x_wconf 87' lang='lat' dir='ltr'>entueder</span> <span class='ocrx_word' id='word_1_184' title='bbox 861 3495 1138 3577; x_wconf 84' lang='lat' dir='ltr'>einSynonymum</span> <span class='ocrx_word' id='word_1_185' title='bbox 1161 3496 1240 3559; x_wconf 88' lang='lat' dir='ltr'>oder</span> <span class='ocrx_word' id='word_1_186' title='bbox 1263 3496 1314 3559; x_wconf 87' lang='lat' dir='ltr'>cin</span> 
     </span>
     <span class='ocr_line' id='line_1_24' title="bbox 141 3579 1314 3665; baseline 0.002 -21"><span class='ocrx_word' id='word_1_187' title='bbox 141 3579 305 3663; x_wconf 87' lang='lat' dir='ltr'>,Verbum</span> <span class='ocrx_word' id='word_1_188' title='bbox 335 3583 545 3664; x_wconf 87' lang='lat' dir='ltr'>allgemeinen</span> <span class='ocrx_word' id='word_1_189' title='bbox 573 3582 710 3665; x_wconf 88' lang='lat' dir='ltr'>Begriffs</span> <span class='ocrx_word' id='word_1_190' title='bbox 743 3584 832 3648; x_wconf 89' lang='lat' dir='ltr'>steht</span> <span class='ocrx_word' id='word_1_191' title='bbox 862 3581 1000 3664; x_wconf 88' lang='lat' dir='ltr'>(iacere,</span> <span class='ocrx_word' id='word_1_192' title='bbox 1035 3581 1195 3660; x_wconf 86' lang='lat' dir='ltr'>accidere,</span> <span class='ocrx_word' id='word_1_193' title='bbox 1229 3583 1314 3664; x_wconf 88' lang='lat' dir='ltr'>esse)</span> 
     </span>
     <span class='ocr_line' id='line_1_25' title="bbox 142 3667 1315 3752; baseline 0 -20"><span class='ocrx_word' id='word_1_194' title='bbox 142 3667 240 3751; x_wconf 88' lang='lat' dir='ltr'>„oder</span> <span class='ocrx_word' id='word_1_195' title='bbox 263 3669 313 3732; x_wconf 94' lang='lat' dir='ltr'>ein</span> <span class='ocrx_word' id='word_1_196' title='bbox 337 3669 576 3752; x_wconf 86' lang='lat' dir='ltr'>Hiilisverbum,</span> <span class='ocrx_word' id='word_1_197' title='bbox 600 3670 652 3734; x_wconf 93' lang='lat' dir='ltr'>bei</span> <span class='ocrx_word' id='word_1_198' title='bbox 677 3671 827 3734; x_wconf 81' lang='lat' dir='ltr'>walchem</span> <span class='ocrx_word' id='word_1_199' title='bbox 851 3669 909 3732; x_wconf 89' lang='lat' dir='ltr'>der</span> <span class='ocrx_word' id='word_1_200' title='bbox 931 3667 1070 3733; x_wconf 88' lang='lat' dir='ltr'>Infinitiv</span> <span class='ocrx_word' id='word_1_201' title='bbox 1093 3669 1150 3733; x_wconf 89' lang='lat' dir='ltr'>des</span> <span class='ocrx_word' id='word_1_202' title='bbox 1174 3669 1315 3733; x_wconf 91' lang='lat' dir='ltr'>anderen</span> 
     </span>
     <span class='ocr_line' id='line_1_26' title="bbox 140 3754 1312 3923; baseline 0.001 -105"><span class='ocrx_word' id='word_1_203' title='bbox 140 3754 329 3923; x_wconf 42' lang='lat' dir='ltr'>,Pradip‘ats</span> <span class='ocrx_word' id='word_1_204' title='bbox 352 3776 393 3822; x_wconf 87' lang='lat' dir='ltr'>zu</span> <span class='ocrx_word' id='word_1_205' title='bbox 417 3766 574 3837; x_wconf 82' lang='lat' dir='ltr'>erganzen</span> <span class='ocrx_word' id='word_1_206' title='bbox 597 3758 641 3822; x_wconf 91' lang='lat' dir='ltr'>ist</span> <span class='ocrx_word' id='word_1_207' title='bbox 664 3757 763 3841; x_wconf 86' lang='lat' dir='ltr'>(licet,</span> <span class='ocrx_word' id='word_1_208' title='bbox 786 3773 927 3837; x_wconf 88' lang='lat' dir='ltr'>possum,</span> <span class='ocrx_word' id='word_1_209' title='bbox 951 3755 1032 3834; x_wconf 88' lang='lat' dir='ltr'>volo,</span> <span class='ocrx_word' id='word_1_210' title='bbox 1056 3755 1177 3839; x_wconf 87' lang='lat' dir='ltr'>debeo,</span> <span class='ocrx_word' id='word_1_211' title='bbox 1200 3755 1312 3821; x_wconf 88' lang='lat' dir='ltr'>videor</span> 
     </span>
     <span class='ocr_line' id='line_1_27' title="bbox 139 3859 289 3925; baseline 0.007 -20"><span class='ocrx_word' id='word_1_212' title='bbox 139 3859 188 3925; x_wconf 85' lang='lat' dir='ltr'>,u</span> <span class='ocrx_word' id='word_1_213' title='bbox 213 3860 241 3906; x_wconf 93' lang='lat' dir='ltr'>a.</span> <span class='ocrx_word' id='word_1_214' title='bbox 283 3891 289 3906; x_wconf 94' lang='lat'><strong>.</strong></span> 
     </span>
    </p>

    <p class='ocr_par' dir='ltr' id='par_1_9' title="bbox 83 4014 1314 4361">
     <span class='ocr_line' id='line_1_28' title="bbox 223 4014 1313 4098; baseline 0.005 -21"><span class='ocrx_word' id='word_1_215' title='bbox 223 4014 363 4080; x_wconf 86' lang='lat' dir='ltr'>Maxime</span> <span class='ocrx_word' id='word_1_216' title='bbox 392 4015 460 4080; x_wconf 89' lang='lat' dir='ltr'>sine</span> <span class='ocrx_word' id='word_1_217' title='bbox 492 4015 588 4081; x_wconf 94' lang='lat' dir='ltr'>dubio</span> <span class='ocrx_word' id='word_1_218' title='bbox 605 4016 850 4083; x_wconf 65' lang='lat' dir='ltr'>&#39;coincidentiae</span> <span class='ocrx_word' id='word_1_219' title='bbox 873 4016 921 4081; x_wconf 91' lang='lat' dir='ltr'>vis</span> <span class='ocrx_word' id='word_1_220' title='bbox 944 4016 976 4079; x_wconf 93' lang='lat' dir='ltr'>in</span> <span class='ocrx_word' id='word_1_221' title='bbox 1000 4015 1039 4079; x_wconf 87' lang='lat' dir='ltr'>iis</span> <span class='ocrx_word' id='word_1_222' title='bbox 1063 4016 1233 4081; x_wconf 86' lang='lat' dir='ltr'>sententiis</span> <span class='ocrx_word' id='word_1_223' title='bbox 1257 4035 1313 4098; x_wconf 90' lang='lat' dir='ltr'>ap·</span> 
     </span>
     <span class='ocr_line' id='line_1_29' title="bbox 137 4101 1314 4185; baseline 0.003 -20"><span class='ocrx_word' id='word_1_224' title='bbox 137 4106 247 4182; x_wconf 89' lang='lat' dir='ltr'>paret,</span> <span class='ocrx_word' id='word_1_225' title='bbox 281 4120 414 4183; x_wconf 90' lang='lat' dir='ltr'>quarum</span> <span class='ocrx_word' id='word_1_226' title='bbox 437 4102 611 4184; x_wconf 90' lang='lat' dir='ltr'>primariae</span> <span class='ocrx_word' id='word_1_227' title='bbox 635 4104 748 4168; x_wconf 88' lang='lat' dir='ltr'>eadem</span> <span class='ocrx_word' id='word_1_228' title='bbox 777 4123 858 4185; x_wconf 91' lang='lat' dir='ltr'>quae</span> <span class='ocrx_word' id='word_1_229' title='bbox 882 4101 1091 4169; x_wconf 87' lang='lat' dir='ltr'>secundariae</span> <span class='ocrx_word' id='word_1_230' title='bbox 1115 4101 1256 4168; x_wconf 90' lang='lat' dir='ltr'>habeant</span> <span class='ocrx_word' id='word_1_231' title='bbox 1280 4110 1314 4170; x_wconf 89' lang='lat' dir='ltr'>et</span> 
     </span>
     <span class='ocr_line' id='line_1_30' title="bbox 140 4186 1313 4275; baseline 0.005 -24"><span class='ocrx_word' id='word_1_232' title='bbox 140 4186 286 4269; x_wconf 86' lang='lat' dir='ltr'>subjecta</span> <span class='ocrx_word' id='word_1_233' title='bbox 309 4193 343 4254; x_wconf 91' lang='lat' dir='ltr'>et</span> <span class='ocrx_word' id='word_1_234' title='bbox 365 4190 570 4269; x_wconf 89' lang='lat' dir='ltr'>praedicata,</span> <span class='ocrx_word' id='word_1_235' title='bbox 605 4191 694 4272; x_wconf 76' lang='lat' dir='ltr'>quus</span> <span class='ocrx_word' id='word_1_236' title='bbox 718 4191 847 4275; x_wconf 88' lang='lat' dir='ltr'>generis</span> <span class='ocrx_word' id='word_1_237' title='bbox 870 4189 1016 4271; x_wconf 86' lang='lat' dir='ltr'>exempla</span> <span class='ocrx_word' id='word_1_238' title='bbox 1038 4187 1058 4253; x_wconf 86' lang='lat' dir='ltr'>l.</span> <span class='ocrx_word' id='word_1_239' title='bbox 1084 4208 1109 4254; x_wconf 91' lang='lat' dir='ltr'>c.</span> <span class='ocrx_word' id='word_1_240' title='bbox 1134 4190 1313 4257; x_wconf 91' lang='lat' dir='ltr'>invenimus</span> 
     </span>
     <span class='ocr_line' id='line_1_31' title="bbox 83 4274 1314 4361; baseline 0.004 -23"><span class='ocrx_word' id='word_1_241' title='bbox 83 4319 85 4324; x_wconf 82' lang='lat'><em>.</em></span> <span class='ocrx_word' id='word_1_242' title='bbox 138 4274 236 4340; x_wconf 89' lang='lat' dir='ltr'>haee:</span> <span class='ocrx_word' id='word_1_243' title='bbox 276 4275 377 4356; x_wconf 72' lang='lat' dir='ltr'>Quam</span> <span class='ocrx_word' id='word_1_244' title='bbox 405 4277 441 4342; x_wconf 80' lang='lat' dir='ltr'>ia</span> <span class='ocrx_word' id='word_1_245' title='bbox 465 4282 595 4358; x_wconf 84' lang='lat' dir='ltr'>portam</span> <span class='ocrx_word' id='word_1_246' title='bbox 627 4278 744 4361; x_wconf 83' lang='lat' dir='ltr'>dico,</span> <span class='ocrx_word' id='word_1_247' title='bbox 777 4279 812 4343; x_wconf 80' lang='lat' dir='ltr'>tu</span> <span class='ocrx_word' id='word_1_248' title='bbox 833 4277 941 4342; x_wconf 84' lang='lat' dir='ltr'>arbem</span> <span class='ocrx_word' id='word_1_249' title='bbox 964 4275 1062 4340; x_wconf 82' lang='lat' dir='ltr'>dico</span> <span class='ocrx_word' id='word_1_250' title='bbox 1084 4278 1206 4343; x_wconf 81' lang='lat' dir='ltr'>uenisse</span> <span class='ocrx_word' id='word_1_251' title='bbox 1221 4277 1314 4360; x_wconf 81' lang='lat' dir='ltr'>piro·</span> 
     </span>
    </p>
   </div>
   <div class='ocr_carea' id='block_1_8' title="bbox 0 0 1466 4904">
    <p class='ocr_par' dir='ltr' id='par_1_10' title="bbox 0 0 1466 4904">
     <span class='ocr_line' id='line_1_32' title="bbox 0 0 1466 4904; baseline 0 2"><span class='ocrx_word' id='word_1_252' title='bbox 0 0 1466 4904; x_wconf 95' lang='lat' dir='ltr'> </span> 
     </span>
    </p>
   </div>
  </div>
 </body>
</html>
