2924 4904
703 379 742 440 33

132 570 222 632 quern
244 547 305 613 sibi
326 547 386 613 illa
482 553 615 614 actorem
637 565 750 612 causae
764 547 860 612 tatius
876 546 1047 627 adoptauit.
1071 546 1184 614 Uaccil.
1198 554 1247 627 16,
1259 552 1315 614 54.

132 637 187 720 (de
210 635 363 701 hocloco
388 633 426 700 cf.
450 654 481 716 p.
507 634 550 719 6).
589 669 633 680 -
683 634 755 698 Non
777 635 912 699 multum
935 633 1087 700 differunt
1110 635 1150 701 ab
1174 635 1225 700 his
1249 635 1311 701 dno

132 723 213 802 loci,
245 722 280 786 in
310 720 425 804 quibus
455 721 602 804 subjecta
625 722 844 801 respondeant
865 720 1018 805 objectis,
1051 741 1122 788 curn
1153 723 1314 788 actionum
1401 796 1402 799 Ἴ

132 811 259 876 alterae
284 810 381 874 activi
404 810 528 874 alterae
550 808 673 891 passivi
696 808 761 873 sint
783 809 931 889 generis:
956 807 1040 888 Quid
1058 810 1140 889 fucit
1162 812 1317 874 causam?

131 898 219 979 quad
240 898 288 961 rei
303 895 451 976 pullione
473 916 569 960 conso
593 895 654 977 (sc.
667 895 853 979 interfecit).
898 895 938 959 H
940 915 981 961 ac
1002 895 1083 978 tolle,
1106 916 1228 962 causa
1250 916 1318 960 nan

131 986 203 1048 erit.
226 983 321 1050 deor.
336 982 387 1063 11,
399 962 530 1073 391ίὲ
553 983 585 1064 (i.
607 1000 635 1047 e.
658 983 718 1047 hoc
742 982 769 1047 si
793 983 974 1065 sustulerit,
999 1001 1097 1049 causa
1118 984 1204 1048 erit
1226 980 1317 1049 snb-

132 1071 251 1152 lata).
303 1068 339 1134 Ε
345 1089 395 1152 po
424 1089 497 1134 aero
522 1070 553 1135 si
586 1075 651 1133 tunc
681 1069 809 1133 illarum
839 1070 1008 1150 impiorum
1033 1072 1122 1150 l'erro
1152 1090 1189 1133 aa
1219 1089 1318 1134 manu

132 1157 352 1238 caecidissem,
389 1157 424 1221 iu
447 1161 636 1237 perpetuum
662 1176 713 1220 res
739 1156 872 1236 prrblica
899 1156 1027 1221 ciuile
1049 1157 1319 1238 praesidium

133 1245 254 1309 salutis
274 1263 352 1309 suae
369 1243 583 1325 perdidissct‚·
613 1243 688 1324 quin
711 1244 807 1307 etiam
827 1245 857 1307 si
878 1263 933 1307 me
953 1244 1002 1308 m's
1023 1245 1132 1325 aliqua
1154 1244 1253 1308 niardi
1275 1291 1283 1309 .
1311 1290 1318 1305 .

133 1331 388 1411 consumpsisset,
411 1335 515 1396 tamen
537 1329 705 1396 auxilia
719 1329 997 1410 posteritatis
1018 1335 1119 1396 essent
1139 1331 1318 1395 iniuriuuta.

135 1418 249 1484 Plane.
271 1421 324 1499 37,
348 1421 400 1482 90.

221 1589 377 1656 Venimus
407 1591 449 1656 ad
479 1609 551 1656 eam
581 1596 722 1673 partem,
760 1591 792 1655 in
816 1609 879 1672 qua
911 1590 1196 1657 differentiae
1226 1609 1318 1658 sen-

136 1678 379 1744 tentiarum
412 1678 694 1743 continentur
724 1676 954 1743 adverbiis.
1000 1679 1081 1744 Tres
1114 1678 1320 1744 inveniuntur

137 1765 217 1847 loci,
248 1765 281 1829 in
305 1763 421 1846 quibus
444 1764 521 1831 bina
543 1764 698 1831 adverbia
727 1765 813 1829 inter
836 1783 871 1828 se
894 1765 1101 1846 respondent.
1146 1766 1215 1830 Hac
1233 1765 1320 1845 pla-

136 1853 235 1916 nius
257 1851 395 1934 missam,
419 1852 449 1916 si
469 1852 531 1916 ita
554 1871 738 1916 narrassem
762 1901 769 1916 .
794 1899 801 1915 .
826 1899 833 1916 .
871 1850 1081 1930 Verr.1‚10,
1105 1855 1160 1916 27.
1207 1851 1319 1916 Loca

137 1938 191 2003 ille
213 1943 317 2002 matus
339 1945 395 2018 est,
417 1958 488 2003 cunt
510 1942 555 2003 est
578 1959 627 2003 eac
649 1938 747 2002 urbe
768 1937 928 2018 expulsus.
955 1935 1171 2021 aac.11‚1‚1.
1220 1939 1320 2018 Qua·

138 2045 295 2107 cunque
322 2025 406 2089 eninr
436 2026 651 2109 inpredimur,
685 2027 730 2090 in
759 2024 909 2106 aliqua
936 2025 1123 2090 tristaria
1153 2025 1321 2108 aestipium

136 2113 294 2192 ponimns.
325 2113 383 2194 fin.
402 2111 437 2194 V,
458 2118 493 2190 2,
517 2115 547 2178 5.
594 2112 804 2178 Praeclarum
835 2112 935 2178 etiam
964 2113 1143 2195 exemploru
1173 2113 1319 2194 eJ'usdem

139 2200 269 2284 generis
292 2206 344 2266 est
364 2217 477 2265 versus
500 2217 540 2264 ex
561 2206 671 2267 vetere
694 2205 791 2282 poita
813 2200 932 2265 allatus
956 2199 1056 2265 aCic.
1080 2201 1118 2264 de
1129 2219 1173 2264 or.
1187 2199 1258 2278 ΙΙΙ,
1269 2202 1320 2278 39,

138 2290 209 2352 159.
253 2284 508 2367 Quandoquidem
538 2287 569 2351 is
602 2305 636 2350 se
666 2287 877 2351 circumvestit
904 2287 1012 2361 dictis,
1046 2287 1148 2366 saepit
1176 2306 1208 2350 se
1239 2285 1320 2351 dala.

139 2371 174 2437 In
197 2372 332 2454 reliquis
355 2373 511 2456 exemplis
538 2377 663 2455 septem
694 2372 848 2438 adverbia
876 2372 1040 2455 primariis
1071 2378 1198 2438 tanturn
1222 2392 1320 2438 enun-

138 2458 328 2526 tiationibus
351 2460 532 2526 adduntur:
564 2460 653 2540 Quod
676 2461 719 2524 ad
740 2480 788 2524 me
809 2460 848 2524 de
869 2459 1051 2540 republica
1072 2461 1193 2542 scribis,
1212 2460 1322 2539 dispu-

137 2551 188 2611 tas
219 2551 255 2610 tu
283 2546 408 2628 quidem
437 2553 466 2612 et
496 2553 680 2612 anrautcr
707 2553 744 2612 et
768 2547 1015 2626 prudenter.
1059 2549 1130 2613 Aac.
1153 2547 1189 2624 Ι,
1210 2551 1265 2630 20,
1288 2553 1322 2611 2.

137 2632 365 2699 Narratiancm
387 2635 468 2716 quad
481 2634 596 2716 jubent
616 2633 683 2698 aeri
704 2633 837 2697 siruilem
853 2654 919 2698 esse
941 2682 948 2696 .
971 2681 978 2698 .
1002 2679 1028 2710 .,
1052 2639 1161 2698 rcctc
1181 2653 1242 2697 nas
1264 2635 1320 2696 ad-

136 2725 272 2785 monent.
295 2720 334 2785 dc
348 2740 395 2786 ar.
411 2719 462 2798 ΙΙ,
487 2724 536 2802 19,
559 2724 611 2786 83.
654 2721 715 2788 Sin
738 2726 842 2785 autem
864 2726 1000 2798 acutum,
1018 2721 1166 2800 prudeus
1187 2724 1217 2784 ct
1239 2721 1321 2784 idern

135 2808 296 2872 sincerum
326 2857 333 2873 .
358 2855 397 2872 ..
426 2828 528 2892 penus
557 2807 712 2873 arationis
737 2806 878 2888 probant
907 2855 914 2871 .
940 2857 947 2872 .
973 2855 1000 2888 .‚
1037 2812 1147 2872 recte
1176 2807 1317 2872 laudam.

134 2894 236 2959 Brut.
260 2897 314 2978 84,
337 2897 413 2959 291.
458 2895 572 2960 Bcrae
588 2895 802 2977 praecipiunt,
824 2894 880 2975 qui
901 2898 1007 2958 uetant
1028 2894 1195 2975 quicquam
1218 2914 1318 2977 apere,

134 2981 221 3063 quad
242 3027 252 3045 .
275 3029 283 3045 .
308 3031 315 3046 .
341 2982 393 3063 aff.
415 2980 445 3060 I,
469 2986 499 3062 9,
520 2987 573 3048 39.
620 2981 711 3063 Quod
732 3001 803 3046 uera
826 2982 943 3045 actoris
961 2981 1052 3063 judea
1074 3001 1140 3045 esse
1159 2981 1319 3064 fraudem,

134 3069 172 3133 id
193 3072 295 3132 tatum
318 3068 389 3132 diui
411 3088 458 3132 cc
481 3066 630 3135 Crassi
653 3118 660 3135 .
685 3117 692 3134 .
718 3119 724 3134 .
748 3069 968 3133 sententia.
1002 3069 1059 3151 lep.
1081 3067 1157 3150 111,
1180 3074 1238 3146 19,
1261 3072 1317 3133 42.

137 3155 228 3237 Quae
256 3154 363 3219 omnia
384 3156 478 3219 etiam
499 3155 530 3220 si
550 3156 709 3221 uoluntate
729 3154 913 3220 Dolabellae
932 3156 1066 3237 fietant,
1094 3175 1175 3235 per
1194 3156 1320 3220 istum

136 3247 244 3306 tamen
268 3242 375 3306 amnia
395 3242 593 3324 parabantur.
631 3242 718 3308 Verr.
742 3242 772 3320 Ι,
794 3247 848 3325 38,
872 3245 922 3307 95.
969 3242 1047 3308 Crem
1067 3261 1124 3307 aas
1152 3243 1251 3307 inacte
1272 3242 1319 3307 di·

135 3329 249 3412 cimus,
272 3348 337 3393 rrau
358 3328 421 3393 ita
443 3329 600 3412 loquimur
622 3335 658 3395 ut
674 3330 811 3412 plrpsici.
842 3332 901 3412 fat.
926 3334 974 3409 11,
996 3334 1051 3395 24.

227 3519 389 3598 Quattuor
410 3525 486 3587 sunt
507 3521 670 3602 exempla,
701 3521 734 3584 in
765 3519 881 3602 quibos
913 3519 1121 3586 differunt
1153 3525 1317 3586 senten-

137 3607 230 3672 tiae
252 3607 507 3691 nominibus,
530 3627 612 3691 quae
634 3610 824 3690 plerumque
846 3608 1066 3688 praedicativa
1089 3626 1118 3689 q.
1133 3607 1162 3672 d.
1186 3607 1317 3672 notione

137 3693 344 3776 adjiciuntur.
390 3694 472 3760 Sunt
491 3696 591 3763 haec:
625 3695 714 3760 Mitt
743 3713 815 3758 aera
844 3695 999 3775 quidquid
1022 3694 1229 3760 cecideritin
1252 3700 1317 3758 tanc

135 3781 270 3863 inprata
284 3780 425 3865 ‘ciuitate
447 3802 488 3847 ne
508 3781 728 3848 recusanti
749 3780 873 3861 quidem
894 3782 1037 3859 evenerit,
1058 3801 1121 3846 nan
1142 3782 1230 3846 nrado
1251 3801 1317 3846 nan

139 3868 407 3950 repupuauti.
431 3871 546 3950 parad.
571 3868 697 3949 11‚17.
741 3869 813 3932 Eas
836 3868 895 3950 (sc.
913 3869 1116 3951 prouincias)
1144 3869 1205 3932 ita
1221 3889 1315 3949 par-

137 3959 204 4018 tas
225 3953 340 4019 labent
361 3954 398 4039 ei,
421 3956 806 4036 paracoemumenum
830 4003 838 4019 .
862 4003 869 4017 .
895 4002 902 4017 .
918 3976 1011 4036 praa.
1025 3974 1106 4020 cans.
1118 3959 1152 4037 2,
1163 3960 1194 4020 3.
1229 3955 1316 4035 Quos

140 4041 194 4122 qui
215 4040 375 4108 leuiore
396 4045 554 4108 nomine
574 4043 748 4124 appellant,
775 4061 1047 4123 percussores
1069 4046 1189 4106 uocant.
1224 4042 1315 4108 Rosa.

140 4128 211 4192 Am.
226 4131 279 4211 33,
294 4131 346 4194 93.
391 4128 470 4195 Oum
491 4131 525 4196 di
546 4130 736 4195 immortales
757 4133 883 4194 manent
908 4129 946 4193 de
969 4129 1229 4209 optimatium
1250 4129 1315 4194 dis·

142 4215 264 4295 cordio,
304 4215 343 4280 de
368 4214 700 4283 clarissimarum
731 4221 767 4281 ct
799 4215 951 4297 optime
988 4216 1229 4282 meritarum
1263 4215 1315 4282 ci·

141 4301 246 4368 utum
266 4301 462 4370 dissensione
475 4304 676 4386 praedicunt.
710 4303 779 4371 lar.
801 4323 880 4384 resp.
902 4305 955 4386 25,
976 4306 1029 4369 53.

1023 4423 1042 4483 3
