2924 4904
702 325 740 385 91

135 512 217 574 quae
240 495 374 557 vocatur
396 510 457 557 non
481 492 642 573 pertinet,
666 513 722 559 eos
745 512 803 559 suo
826 514 984 578 quemque
1007 496 1076 562 loco
1100 498 1239 579 apposui
1262 465 1324 583 (ch

136 580 252 648 Caecil.
278 584 307 657 2,
333 583 361 657 6,
385 599 415 660 p.
441 578 546 662 aab).

224 843 330 922 Atque
360 842 400 906 ad
431 844 675 924 praesentis
710 842 991 922 infinitivum,
1034 865 1104 911 eum
1136 847 1165 912 is
1198 864 1317 928 prae-

138 931 252 996 senti
275 929 414 1010 tempori
438 929 609 1010 adjunctus
632 932 816 1011 praesentis
846 933 910 997 vim
932 932 1002 1013 ipse
1025 932 1161 1016 habeat,
1193 952 1317 1016 prae-

137 1017 278 1082 sentia
302 1016 474 1081 referenda
497 1025 588 1095 sunt,
620 1025 655 1083 ut
679 1036 717 1082 ea
741 1019 949 1098 congruentia
972 1019 1170 1102 significetur
1193 1029 1317 1102 tempo-

136 1123 218 1183 rum,
242 1122 336 1184 quam
359 1122 467 1167 rerum
489 1105 634 1184 postulat
657 1105 879 1170 coincidentia.

713 1211 741 1257 a.

225 1278 308 1343 Con
316 1277 456 1358 juncti
467 1296 556 1341 vum
579 1279 761 1360 praesentis
785 1285 892 1342 autem
915 1279 947 1342 in
961 1278 1010 1344 his
1026 1281 1106 1347 locis
1121 1282 1317 1347 invenimus:

136 1366 296 1430 Putant
319 1364 420 1446 enirn,
448 1366 503 1445 qui
524 1365 649 1430 dorride
670 1367 846 1446 inculteque
868 1366 1004 1446 dicut,
1028 1369 1116 1433 ruodo
1138 1369 1173 1433 id
1194 1363 1318 1450 eieqan-

136 1458 213 1516 ter.
239 1451 414 1531 ..faciam
450 1472 518 1515 eum
546 1452 648 1516 sotum
676 1453 780 1516 Attice
810 1452 955 1517 dicere.
989 1452 1042 1518 Or.
1066 1460 1095 1536 9,
1119 1459 1173 1521 28.
1220 1456 1316 1536 Con·
1404 1476 1408 1484 ·

137 1541 230 1604 cedo
254 1558 318 1601 rron
341 1557 428 1602 esse
450 1539 588 1617 miseros,
610 1541 664 1621 qui
686 1540 804 1603 mortui
825 1539 920 1603 aiut.
943 1545 1019 1604 tuse.
1042 1541 1072 1619 1,
1096 1546 1126 1626 7,
1150 1546 1201 1608 14.
1248 1541 1318 1606 Er-

137 1646 234 1690 rare
256 1645 302 1687 rne
317 1630 467 1705 nutus,
502 1626 557 1707 qui
587 1647 652 1690 rem
676 1626 840 1707 pubiicum
855 1631 991 1706 putem
1010 1629 1145 1708 pendere
1166 1651 1182 1693 e
1205 1627 1319 1693 Bruto.

138 1713 208 1778 Art.
232 1711 329 1793 XIV,
351 1717 404 1791 20,
428 1716 458 1776 3.
488 1713 527 1776 de
549 1733 593 1778 or.
619 1712 691 1790 ΙΙΙ,
713 1717 773 1795 24,
796 1717 845 1778 90.
870 1712 947 1779 Sest.
971 1716 1022 1795 53,
1046 1719 1117 1779 114.
1162 1715 1320 1798 Effici·
1396 1774 1399 1783 .

137 1807 204 1865 tur
226 1800 327 1880 iqitur
346 1800 414 1879 fato
434 1800 456 1879 f
459 1799 563 1882 ieri,
585 1820 784 1881 quaeeunque
802 1800 930 1881 sirint.
964 1802 1025 1882 fat.
1048 1807 1095 1879 10,
1117 1806 1170 1866 21.
1216 1802 1322 1868 Sunt

137 1888 221 1952 enirn
250 1887 448 1967 temerantia,
482 1906 552 1950 eum
581 1888 618 1951 de
647 1888 832 1950 aeternitate
860 1889 1036 1953 animorum
1065 1888 1087 1952 d
1095 1891 1249 1974 icatur,
1282 1889 1320 1954 de

137 1977 238 2038 mente
268 1972 359 2038 dici.
396 1978 473 2037 tuse.
495 1972 531 2055 1,
556 1977 615 2054 33,
638 1977 689 2038 80.
733 1973 785 2038 De
812 1994 847 2036 eu
872 1994 907 2037 rc
935 1975 983 2039 ita
1012 1996 1247 2043 censeo...
1274 1995 1321 2040 se·

137 2066 250 2126 natum
284 2059 465 2144 existimare
492 2060 536 2125 D.
560 2059 702 2124 Brutum
734 2109 804 2128 ...
835 2062 948 2140 optime
977 2063 1077 2128 dere
1101 2062 1230 2144 publiea
1251 2081 1321 2126 me·

138 2149 244 2229 reri,
284 2166 352 2210 eum
386 2151 517 2211 senatus
551 2149 768 2212 auctoritatem
799 2147 1029 2227 defendet.
1061 2149 1146 2215 Pau.
1170 2149 1247 2228 ΙΙΙ,
1270 2151 1322 2227 15,

139 2238 191 2299 37.
221 2234 308 2297 Verr.
329 2232 400 2313 ΙΙΙ,
424 2235 474 2310 54,
497 2236 570 2300 126.
595 2254 641 2298 er.
662 2239 693 2317 3,
716 2239 768 2298 12.
822 2233 982 2299 Dicunt
1013 2237 1097 2300 enim
1126 2236 1222 2302 Stoici
1251 2283 1289 2300 ..
1315 2281 1323 2300 .

141 2321 215 2386 toii
226 2323 237 2383 i
259 2321 381 2399 omnia,
411 2320 441 2384 si
461 2321 532 2385 uisu
563 2321 785 2386 tolluntur.
815 2321 874 2385 Ac.
891 2342 945 2402 nr.
968 2321 1018 2400 ΙΙ,
1040 2327 1091 2403 33,
1115 2327 1187 2388 108.
1234 2321 1321 2387 Gra·

140 2415 206 2472 tum
228 2408 359 2471 mortuis
381 2426 415 2470 se
434 2407 583 2489 facere,
605 2409 635 2472 si
654 2405 794 2490 qraeiter
816 2427 865 2472 eos
889 2411 1083 2493 teneant,
1099 2403 1320 2475 ‘diditrun-

140 2502 214 2559 tur.
245 2500 319 2558 tuse.
343 2492 414 2572 ΙΙΙ,
435 2498 491 2574 29,
516 2499 568 2558 72.
597 2496 653 2576 dn.
685 2494 719 2577 V,
742 2499 771 2573 8,
793 2499 848 2559 22.
893 2495 948 2560 Ita
970 2517 1111 2562 ceuceu
1135 2543 1142 2559 .
1167 2547 1173 2563 .
1198 2548 1204 2563 .
1228 2516 1321 2562 eena-

140 2588 205 2648 tum
237 2582 478 2646 existimare..
504 2633 511 2648 .
543 2582 624 2663 quod
645 2582 846 2662 prouinciam
882 2581 1023 2647 Gnidiam
1052 2584 1255 2649 citeriorem.
1281 2631 1322 2650 ..
1406 2659 1409 2664 ‚

141 2669 369 2750 exercitumque
389 2668 426 2731 in
448 2675 579 2733 senatus
599 2674 748 2749 potestate
771 2670 970 2753 retineat,
998 2671 1032 2734 id
1055 2691 1123 2735 eum
1147 2719 1152 2732 .
1180 2718 1187 2733 .
1213 2721 1219 2734 .
1243 2674 1323 2734 recte
1376 2668 1380 2670 ’

141 2763 233 2839 utque
249 2756 360 2820 ordine
375 2775 473 2836 enque
487 2756 662 2836 republica
681 2757 793 2838 fecisse
814 2761 842 2821 et
862 2759 903 2834 fa
915 2777 952 2821 ee
962 2777 1009 2821 re.
1032 2756 1118 2822 Pau.
1129 2756 1202 2836 ΙΙΙ,
1215 2762 1266 2839 15,
1278 2760 1322 2820 38

142 2845 218 2928 (quo
241 2844 274 2907 in
297 2844 367 2907 loco
390 2844 551 2908 retinendi
573 2842 722 2925 verbum,
753 2844 828 2923 quia
858 2843 900 2908 ad
932 2845 1124 2910 alterutrum
1150 2843 1321 2909 infinitivo·

142 2951 212 2996 rum
235 2930 351 2995 referri
374 2948 506 2995 neeesse
529 2928 607 3013 fuit,
641 2930 683 2994 ad
716 2930 770 2994 inf.
799 2931 903 3010 faeere
927 2937 977 2996 est
998 2931 1161 3014 relatum).
1186 2967 1229 2977 -
1256 2930 1321 2994 Te·

142 3024 285 3082 statur
313 3037 403 3096 saepe
433 3016 629 3100 Chrysippus
662 3032 718 3098 isc.
747 3017 778 3080 in
810 3017 954 3099 scriptis)
979 3066 985 3080 .
1010 3069 1016 3083 .
1043 3069 1049 3084 .
1087 3019 1140 3099 qui
1169 3037 1323 3081 summum

141 3104 255 3168 donum
278 3103 423 3167 dicunt
445 3104 480 3168 id
502 3124 585 3182 esse,
614 3105 644 3167 si
665 3123 808 3168 racemus
831 3105 917 3167 ornni
937 3103 1093 3183 modestia,
1118 3125 1167 3170 eos
1188 3104 1323 3169 inuidio-

142 3211 212 3256 sum
233 3209 344 3254 nomen
366 3189 536 3271 uoluntatis
555 3191 724 3272 suffere,
756 3191 812 3255 sed
834 3191 870 3254 in
891 3192 1053 3256 uicinitnte
1072 3193 1210 3276 uersari,
1242 3190 1324 3275 quod

140 3280 280 3360 faeere
309 3297 359 3342 eos
383 3278 491 3355 etium,
523 3278 578 3357 qui
607 3276 689 3342 iilud
710 3278 791 3341 idem
816 3298 885 3342 eum
917 3280 1077 3343 dorcestate
1109 3281 1325 3362 eonjunqc-

143 3369 246 3428 rent.
279 3362 337 3428 Ac.
355 3384 408 3444 pr.
432 3363 482 3447 ΙΙ,
504 3366 648 3440 45,138.
693 3363 746 3427 Αἰ
754 3369 766 3426 t
789 3366 847 3447 (sc.
873 3365 1090 3431 Clitomachus
1113 3367 1145 3430 in
1170 3385 1207 3431 eo
1229 3364 1323 3444 libro,

144 3470 238 3533 quem
263 3450 304 3515 ad
328 3450 363 3517 Ο.
387 3452 543 3516 Lucilium
568 3451 711 3531 scripsit)
732 3451 925 3515 uehementer
946 3473 1086 3516 errare
1110 3473 1171 3535 eoa,
1193 3453 1247 3534 qui
1269 3452 1323 3517 di·

144 3543 239 3603 euut
269 3537 308 3600 ab
338 3533 511 3603 Academia
538 3557 651 3601 sensus
681 3538 770 3618 errici.
804 3536 863 3603 Ac.
882 3559 934 3619 pr.
957 3538 1012 3616 ΙΙ,
1036 3543 1088 3617 32,
1111 3544 1178 3605 103.
1247 3539 1323 3603 Ais

145 3626 202 3708 (sc.
227 3623 310 3688 libro
334 3625 358 3687 Ι.
384 3643 409 3690 c.
437 3627 507 3707 11),
539 3645 607 3688 curn
636 3625 742 3688 datore
773 3645 1003 3710 careamus,
1043 3632 1108 3690 turn
1138 3628 1173 3690 in
1202 3646 1323 3690 summa

143 3713 299 3793 uoluptate
321 3731 380 3775 reos
403 3731 497 3776 esse.
521 3712 579 3792 stu.
603 3709 653 3789 11,
676 3716 706 3784 3,
731 3715 780 3775 10.
802 3748 844 3758 —
881 3713 1023 3779 Perfecti
1046 3715 1228 3795 praesentis
1251 3731 1324 3779 con-

142 3800 305 3881 jnnctivus
327 3818 386 3880 pro
409 3797 591 3879 praesentia
615 3802 665 3862 est
688 3798 720 3861 in
743 3799 904 3864 hocloco:
929 3802 978 3866 M.
997 3799 1081 3880 outa
1103 3802 1208 3866 dieis
1230 3801 1325 3884 erqo?

145 3887 187 3950 A.
212 3886 370 3958 Miserum
390 3906 480 3950 esse
502 3885 588 3949 uendi
610 3904 707 3948 causa
732 3885 780 3949 M.
805 3886 969 3965 Crassum,
992 3888 1061 3969 qui
1082 3888 1158 3953 iiius
1177 3891 1326 3969 soricinus

146 3978 242 4037 morte
272 3972 500 4049 dimiserit,
532 3973 680 4037 miserum
705 3970 763 4036 On.
786 3971 986 4057 Pompeium,
1018 3975 1072 4056 qui
1102 3980 1193 4039 tantu
1221 3974 1326 4058 qioria

145 4060 203 4123 sit
233 4059 418 4142 ortatu-s,
448 4060 551 4122 omnis
580 4059 710 4140 denique
738 4057 885 4135 miseros,
920 4062 975 4142 qui
1003 4061 1061 4125 iae
1090 4061 1157 4126 iuee
1186 4065 1326 4126 careant.

146 4152 219 4210 tuse.
243 4145 272 4226 I,
298 4150 393 4223 6,12.
438 4145 564 4212 Offendi
586 4152 695 4227 potest
717 4145 748 4207 in
772 4146 832 4210 hoc
854 4147 942 4214 loeo:
965 4146 1121 4213 Dicunt
1143 4169 1198 4212 nee
1220 4149 1326 4213 minus

149 4232 386 4315 delinquere
417 4253 503 4313 cum,
539 4233 609 4316 qui
639 4231 760 4315 quitum
786 4233 1016 4316 quitinaceum,
1054 4255 1123 4302 eum
1151 4256 1230 4316 opus
1259 4254 1326 4300 non
