2924 4904
705 326 747 388 94

136 501 188 561 est
211 494 271 560 cui.
317 493 444 572 Quare
467 494 595 560 facilius
625 499 659 558 et
689 492 808 559 codicis
835 492 1024 559 auctoritati
1048 498 1082 558 et
1104 493 1177 559 usui
1200 511 1313 559 sermo-

136 584 187 647 nis
209 582 317 647 Latini
340 580 492 647 satisfieri
514 589 603 663 puto,
627 584 654 646 si
678 599 749 646 cum
765 581 880 646 Bootio
903 581 1031 662 legatur
1053 581 1121 646 sic:
1147 581 1314 661 etquidem

137 690 183 734 me
205 690 273 733 mea
296 688 393 733 causo
412 670 517 750 facere
540 674 568 733 et
589 667 808 749 reipublicae,
829 669 897 748 qui
920 668 1010 731 ittam
1034 668 1162 746 oderim,
1186 668 1224 749 cf.
1233 689 1267 747 p.
1277 671 1315 731 30

136 763 165 819 et
186 759 239 819 27.
262 756 321 839 2.).
368 754 540 837 Quisquam
570 774 624 818 666
656 753 799 819 consules
828 761 903 818 tuuc
922 755 1025 834 faisse
1048 760 1105 818 out
1127 774 1214 818 rrunc
1236 773 1314 818 6666

138 842 319 907 consularis
339 848 480 924 putet,
512 842 566 923 qui
589 842 656 922 eius
678 841 817 905 ciuitatis
839 889 847 904 .
871 891 878 905 .
904 892 911 905 .
934 863 1001 906 non
1023 841 1114 924 lepos,
1137 863 1205 905 non
1227 840 1313 904 insti·

136 935 205 993 tuto
228 976 235 990 .
260 979 266 992 .
290 977 297 992 .
318 929 508 993 noritis?
553 928 622 992 Pis.
645 931 696 1011 13,
719 932 772 992 20.
825 926 894 992 Fac
915 977 922 991 .
944 972 953 990 .
976 975 984 992 .
1006 948 1055 991 mc
1077 949 1098 993 a
1120 934 1148 992 te
1170 927 1315 992 babere

135 1016 243 1098 vitam,
265 1016 340 1097 quia
363 1036 426 1080 non
448 1037 468 1080 o
490 1021 519 1080 te
540 1016 601 1079 sit
622 1019 736 1095 erepta.
759 1014 845 1079 Pru.
868 1014 919 1094 ΙΙ,
941 1018 995 1095 24,
1020 1017 1068 1079 60,

674 1193 703 1253 3.
749 1207 778 1254 a.

224 1276 252 1340 E
275 1277 516 1357 praeterito
539 1283 726 1357 tempore
748 1277 893 1357 pendens
916 1293 988 1341 cum
1009 1275 1196 1357 praesentis
1218 1273 1313 1339 infini-

138 1364 224 1430 tivus
247 1362 306 1427 fiat
327 1362 526 1444 imperfecti,
556 1362 748 1443 imperfecta
771 1363 812 1428 ad
836 1382 908 1428 eum
929 1360 1047 1426 referri
1070 1367 1313 1429 consentaneum

139 1457 198 1517 est.
247 1451 350 1530 Atque
373 1451 693 1532 conjunctivum
723 1449 844 1514 habent
873 1450 907 1514 hi
930 1449 1011 1514 loci:
1049 1447 1268 1513 Clamabat
1287 1469 1314 1514 66

137 1557 217 1618 quae
235 1538 257 1617 f
261 1541 408 1613 ecerat,
430 1544 539 1601 contra
560 1536 692 1600 satutem
713 1556 821 1619 meam,
842 1538 863 1616 s
868 1556 985 1602 acere
1007 1541 1132 1600 auctore
1155 1535 1213 1600 On.
1230 1537 1314 1601 Pom·

133 1625 214 1706 pojo.
238 1623 316 1688 Sest.
340 1626 391 1703 17,
415 1627 464 1686 39.
508 1624 582 1688 Non
604 1625 874 1688 concederent
896 1623 1017 1699 omnia,
1051 1643 1136 1705 quae.
1151 1625 1314 1706 fierent,

136 1713 157 1792 f
160 1712 242 1774 ieri
264 1712 369 1774 causis
392 1710 652 1774 antecedentibus,
682 1714 742 1789 s'ot.
765 1714 815 1787 11,
837 1715 890 1775 23.
934 1709 1019 1788 Ε66,
1051 1711 1107 1789 qui
1124 1712 1314 1790 persuadere

137 1798 294 1862 oettent
325 1817 390 1860 6666
419 1797 540 1879 aliquid
567 1799 647 1879 quod
679 1797 892 1876 comprehendi
921 1802 950 1859 et
972 1797 1095 1876 percipi
1121 1802 1242 1876 posset,
1273 1798 1316 1860 in-

138 1888 270 1950 scienter
290 1886 431 1964 fecere
452 1885 648 1949 dicebant.
671 1882 729 1947 Ac.
749 1904 798 1963 pr.
820 1882 871 1961 11,
894 1887 990 1963 0,17.
1036 1884 1168 1962 Apelles
1184 1886 1315 1963 pictores

139 1991 258 2054 quoque
281 1991 331 2034 eos
347 1990 521 2049 peccare
542 1971 725 2050 dicebat,
748 1972 802 2050 qui
824 1991 888 2033 non
911 1971 1127 2034 sentirent
1147 1971 1224 2052 quid
1246 1975 1316 2035 esset

138 2059 228 2123 sotis.
259 2078 302 2120 or.
324 2060 378 2134 22,
401 2059 451 2120 73.
496 2056 652 2137 Quoniam
678 2057 769 2121 semet
797 2057 970 2120 iudicarit
1001 2057 1161 2136 animum,
1193 2059 1255 2122 sibi
1276 2057 1317 2120 ti·

140 2166 246 2226 eere‚
277 2142 515 2224 quodoettet.
553 2144 620 2208 Att.
646 2144 742 2221 XIV,
765 2148 816 2222 13,
840 2147 868 2205 0.
919 2143 1122 2225 Nepabas
1154 2164 1208 2208 666
1230 2165 1316 2221 6666,

139 2233 193 2314 qui
215 2233 333 2294 mortui
356 2237 499 2295 essenzt.
540 2235 619 2296 tusc.
643 2232 672 2313 1,
696 2236 726 2305 0,
750 2235 803 2295 12.
850 2230 948 2293 Ubios
977 2230 1089 2294 Aristo
1120 2231 1246 2296 dimit
1272 2251 1316 2296 so·

140 2320 205 2383 tum
233 2318 346 2382 bonum
378 2337 480 2392 6666,
512 2318 593 2399 quod
623 2318 785 2381 honestam
817 2324 935 2404 esset.
970 2318 1028 2398 top.
1051 2318 1081 2394 1,
1103 2322 1157 2396 21,
1181 2324 1231 2383 55.
1281 2318 1317 2385 m

139 2405 240 2470 dicere
269 2405 304 2468 in
336 2404 478 2468 contione
507 2426 566 2468 non
598 2404 831 2482 dubitaret,
863 2403 942 2467 bona
970 2404 1084 2467 ciuium
1108 2404 1318 2469 Romanorum

141 2513 211 2557 cum
233 2489 435 2569 uenderet,
457 2511 490 2555 se
505 2493 662 2572 praedam
683 2510 774 2555 suom
795 2491 979 2555 uendere.
1009 2489 1097 2554 Verr.
1110 2490 1183 2573 ΙΙΙ,
1207 2495 1258 2570 35,
1273 2496 1318 2556 81.

141 2579 194 2647 Sic
215 2579 304 2643 modo
326 2578 513 2643 decreuit
535 2584 684 2661 senatus,
715 2576 760 2642 D.
785 2577 926 2642 Brutum
950 2577 1062 2658 optime
1083 2577 1121 2641 de
1143 2579 1318 2658 republica

140 2665 298 2746 mereri,
322 2686 390 2730 cum
412 2671 540 2730 senatus
563 2666 776 2730 anctoritatem
795 2664 964 2746 populique
986 2664 1129 2731 Romani
1152 2665 1318 2730 libertatem

141 2753 366 2834 imperiumque
389 2752 642 2833 defenderet.
671 2751 757 2816 Pbil.
781 2751 802 2813 Ι
811 2751 843 2832 V,
865 2756 895 2829 4,
917 2754 939 2814 8
967 2750 1021 2834 (cf.
1045 2749 1088 2815 ib.
1112 2751 1171 2833 ΙΙΙ,
1198 2758 1248 2837 15,
1273 2757 1318 2834 37,

141 2861 172 2923 p.
196 2838 261 2923 91).
308 2838 442 2903 Habet
472 2841 590 2922 (praes.
622 2840 713 2921 hist.)
747 2839 920 2902 orationem
951 2839 1043 2901 talem
1071 2839 1180 2903 consui
1205 2889 1212 2902 .
1238 2889 1244 2902 .
1267 2887 1275 2904 .
1297 2887 1318 2917 .‚

141 2947 281 2992 errare
313 2926 469 3005 domines,
503 2927 595 2991 si..
625 2927 949 2990 arbitrarentur.
989 2923 1067 2991 Sest.
1092 2928 1150 3003 12,
1173 2930 1229 2991 28.
1287 2923 1319 2992 Si

141 3013 219 3096 quid
240 3018 276 3076 tu
298 3033 449 3095 operes,
474 3013 600 3077 leuari
621 3035 668 3077 me
686 3012 880 3093 putabam
902 3011 1052 3076 molestia.
1072 3012 1153 3092 fane.
1166 3012 1240 3090 ΙΙΙ,
1256 3013 1319 3091 6,5.

142 3099 209 3165 Ν66
231 3099 313 3162 euim
334 3099 363 3162 ci
385 3099 497 3162 cornia
526 3120 674 3164 canere
697 3099 839 3180 potuit
860 3104 940 3163 reete
961 3119 1030 3162 eum
1049 3102 1211 3179 facere,
1245 3098 1319 3182 quod

135 3185 248 3268 populi
271 3185 411 3250 Romani
441 3185 611 3250 libertatem
640 3187 805 3267 defendere
822 3191 1005 3266 pararet.
1041 3186 1101 3250 dio.
1124 3184 1175 3261 ΙΙ,
1199 3189 1249 3266 37,
1272 3188 1319 3250 78.

149 3273 189 3340 Ut
211 3273 258 3336 ito
281 3273 440 3336 diceret
464 3320 470 3333 .
495 3320 502 3333 .
528 3273 696 3353 ,quotiens
718 3273 891 3354 conjupem
915 3273 1058 3354 quotiens
1080 3272 1223 3351 domum,
1253 3291 1319 3354 quo·

142 3361 223 3426 tiens
235 3360 380 3439 patriam
400 3358 571 3437 uideret,
595 3361 710 3424 totiens
723 3381 757 3424 sc
771 3359 1064 3440 beneficiummeum
1087 3359 1234 3424 uidere.
1256 3359 1318 3424 Att.

143 3447 173 3529 Ι,
196 3451 246 3525 14,
262 3451 292 3511 3.
335 3445 512 3528 Dixisti,
536 3447 611 3510 dum
632 3446 763 3511 Ptoncii
786 3447 821 3509 in
843 3467 890 3510 me
911 3447 1056 3510 inuitum
1078 3446 1181 3510 ocrbis
1204 3444 1320 3511 eatet-

142 3534 279 3616 terem,
309 3555 356 3597 me
378 3553 481 3597 arcem
500 3535 634 3614 facere
657 3553 672 3596 6
694 3535 810 3598 cloaca.
843 3532 959 3597 Ptanc.
984 3536 1033 3615 40,
1055 3535 1105 3596 95.
1152 3531 1215 3612 Qut
1237 3532 1319 3598 deni·

141 3641 215 3703 que,
246 3626 283 3684 ut
305 3620 499 3700 Africanum
530 3641 623 3683 acum
651 3641 752 3684 meum
784 3619 892 3683 scribit
927 3618 1004 3684 Cato
1037 3619 1203 3683 sotitum
1237 3637 1319 3685 6666

141 3708 255 3785 dicere,
283 3708 386 3787 possit
408 3706 489 3770 idem
512 3706 550 3770 de
577 3727 611 3770 66
629 3708 832 3789 praedicare,
866 3725 1028 3786 uunquam
1059 3725 1093 3769 66
1109 3706 1187 3785 ptus
1211 3724 1321 3790 apere

141 3814 235 3877 quam
257 3793 341 3857 nibil
362 3812 431 3857 cum
452 3799 605 3873 aperet
626 3814 649 3857 e.
672 3815 700 3876 p.
724 3814 748 3857 6.
777 3813 843 3872 rep.
868 3793 897 3874 Ι,
921 3795 971 3875 17,
993 3795 1049 3858 27.
1095 3792 1179 3874 (Quo
1202 3794 1234 3857 in
1257 3793 1320 3856 loco

144 3880 273 3962 obliqua
297 3879 401 3945 oratio
424 3877 466 3943 ad
488 3879 701 3961 interpositae
734 3879 966 3945 enuntiationis
989 3876 1089 3943 verba
1111 3879 1240 3943 solitum
1262 3896 1320 3942 6666

142 3969 243 4032 dicere
266 3967 419 4048 adjuncta
443 3972 502 4044 est,
527 3966 567 4030 cf.
591 3967 689 4031 L.-M.
707 3968 746 4049 V,
771 3967 788 4050 ξ
808 3971 879 4044 125,
894 3969 937 4048 3).
985 3965 1062 4030 Cum
1086 3968 1212 4048 antiqui
1234 3983 1320 4041 onina,

142 4054 224 4136 quod
245 4055 413 4120 secundam
435 4057 585 4116 naturam
607 4059 723 4129 esset,
752 4074 811 4134 quo
827 4053 1017 4134 juvaremur
1040 4053 1075 4115 in
1099 4054 1183 4130 cito,
1215 4054 1320 4118 bonum

142 4161 228 4206 6666
250 4141 512 4205 decreverint
535 4160 561 4202 e.
584 4160 613 4220 q.
636 4160 661 4204 6.
686 4140 741 4223 lep.
765 4140 794 4215 Ι,
817 4143 867 4217 20,
892 4143 934 4204 54
958 4139 1011 4223 (ci.
1034 4158 1064 4219 p.
1089 4144 1130 4202 74
1155 4140 1194 4205 de
1219 4140 1321 4205 eodem

142 4228 236 4312 loeo).
260 4229 298 4293 de
321 4246 366 4292 or.
389 4227 419 4322 Ι,
443 4230 494 4306 18,
507 4230 558 4291 83.
580 4246 647 4292 sen.
672 4231 767 4312 4,11.
792 4226 871 4295 Sest.
894 4231 942 4311 10,
954 4230 1007 4290 23.
1030 4227 1068 4289 de
1090 4246 1135 4289 or.
1158 4226 1190 4312 Ι,
1211 4231 1262 4307 20,
1276 4227 1321 4290 02.
