2924 4904
684 350 723 411 19

114 523 280 601 aonoepta.
338 518 422 585 Nam
451 521 478 584 is
506 519 540 584 in
569 519 674 584 indice
704 518 903 603 Philologioo
932 517 1011 585 fasc.
1034 519 1106 584 XII.
1136 538 1165 584 a.
1191 524 1283 586 1885.

113 625 143 688 p.
169 611 232 671 564
255 606 335 672 haee
359 607 456 672 dixit:
489 607 569 688 „Die
593 605 777 691 Soheidung
809 606 967 672 zwisohen
998 605 1188 672 Ooinoidenz
1220 607 1285 672 und

114 694 301 775 Gongmenz
331 695 457 760 soheint
486 693 539 759 fdr
570 693 622 758 die
646 693 876 774 Tempuslehre
905 712 986 775 ganz
1013 693 1224 778 gleiohgllltig
1246 712 1287 760 zu

114 782 201 859 sein,
238 781 279 847 da
302 782 459 847 zwischen
484 779 598 847 beiden
628 780 799 866 bezuglich
831 781 888 847 des
910 783 1111 862 temporalen
1133 781 1285 847 Verhtlt·

113 869 218 934 nisses
240 869 315 934 kein
331 869 547 935 Untersohied
569 866 707 934 besteht.
752 867 856 933 Wenn
879 868 936 933 wir
952 868 1114 950 Beispiele
1136 868 1195 933 wie
1218 888 1287 934 oum

113 961 234 1035 tacent,
263 955 401 1021 clamant
430 957 496 1022 und
524 956 598 1020 bene
625 957 727 1036 focis,
763 957 844 1036 quod
872 975 979 1020 mones
1008 955 1217 1038 betraohten‚
1249 975 1285 1022 so

115 1044 278 1108 erkennen
301 1044 367 1123 wir,
398 1043 474 1109 dass
498 1043 550 1108 die
574 1043 765 1109 Coincidenz
789 1061 825 1109 so
848 1063 887 1108 zu
910 1061 1009 1124 sagen
1032 1043 1083 1109 die
1105 1042 1285 1109 materielle

114 1131 304 1214 Congruenz
318 1132 372 1214 ist,
396 1131 448 1196 die
465 1132 734 1212 zurtemporalen
751 1130 1000 1196 hinzukommt“.
1045 1131 1156 1212 Neque
1178 1136 1286 1195 tamen

114 1219 210 1298 plane
233 1237 364 1300 operam
386 1219 566 1300 perdidisse
591 1218 666 1282 mihi
690 1218 776 1282 visus
791 1236 870 1297 sum,
894 1237 966 1283 oum
989 1218 1073 1299 quod
1095 1219 1151 1282 ille
1173 1217 1285 1299 paucis

114 1306 293 1387 posuisset,
325 1307 359 1371 id
389 1325 447 1386 ego
478 1306 604 1371 illorum
627 1307 684 1369 vir.
709 1304 810 1387 doct,
841 1305 896 1387 qui
917 1305 1011 1387 huJ'us
1034 1306 1170 1371 rationis
1192 1304 1285 1387 qnasi

114 1392 323 1459 fundamenta
341 1393 505 1475 Jecerunt,
529 1394 656 1474 singula
678 1391 778 1458 verba
801 1400 834 1458 et
855 1392 1000 1474 exempla
1022 1397 1212 1474 persecutus
1235 1411 1285 1458 ae·

115 1481 258 1546 curatius
282 1480 564 1546 demonstrassem.

202 1567 266 1633 Sed
296 1587 488 1650 quamquam
515 1587 555 1633 ex
585 1572 765 1648 temporum
794 1564 1007 1633 relationibus
1039 1565 1285 1632 coincidentiam

114 1655 311 1734 sustulimus,
335 1661 443 1722 tamen
467 1674 506 1720 ex
527 1655 737 1736 grammatica
757 1653 904 1718 doctrina
925 1653 1053 1719 minime
1077 1673 1148 1719 eam
1169 1655 1284 1720 tollen·
1399 1690 1403 1697 ·

115 1743 190 1808 dam
208 1743 400 1824 judicamus.
446 1743 529 1808 Nam
553 1749 586 1808 et
609 1760 735 1806 omnem
750 1741 983 1806 sententiarum
997 1759 1111 1806 nexum
1134 1761 1154 1806 a
1176 1759 1284 1826 gram·

114 1830 242 1895 matiois
271 1830 390 1911 respici
422 1835 551 1912 oportet
580 1848 681 1911 neque
704 1828 929 1911 negligendum
952 1833 1019 1907 est,
1048 1846 1182 1894 necesse
1212 1846 1284 1894 esse

114 1919 254 1983 omnium
283 1917 530 1983 coincidentium
563 1917 794 1981 sententiarum
825 1921 972 1997 tempora
1001 1916 1086 1981 inter
1116 1934 1188 1981 sese
1212 1934 1284 1981 oon·

114 2022 240 2086 gruere.
286 2005 400 2086 Itaque
430 2005 635 2070 nihilominus
665 2021 783 2084 operae
811 2003 951 2084 pretium
980 2021 1053 2068 esse
1083 2022 1198 2069 censeo
1228 2021 1283 2069 an·

115 2093 209 2175 quin,
233 2110 328 2174 quam
350 2093 417 2158 late
440 2097 552 2174 pateat
574 2093 622 2158 vis
645 2090 888 2157 coincidentiae.
