2924 4904
756 345 797 407 14

183 536 234 582 su
250 515 447 583 cenarit:
481 514 659 581 introitio
687 514 809 580 moenio
840 513 949 579 domus
980 533 1016 578 oo
1044 519 1177 595 penates
1198 515 1258 580 mei
1277 519 1366 590 suut,

185 609 296 687 mater,
319 607 434 684 corcjuoc
457 602 637 684 tiberique?
679 602 719 666 L.
741 605 774 680 2,
795 605 846 665 40.
893 600 929 666 st
951 600 1041 666 bodie
1063 602 1144 667 betto
1168 603 1244 684 siut,
1273 600 1366 685 quote

186 691 356 755 Etncscuru
377 690 477 771 fuit,
501 709 570 754 cum
587 689 752 753 Porsenna
768 688 954 754 Jouicutuuc
977 689 1097 754 insedit
1122 740 1128 753 .
1155 739 1161 753 .
1186 740 1193 754 .
1218 691 1254 754 L.
1268 694 1300 773 4,
1312 692 1365 752 40.

189 778 347 858 Quamdiu
378 777 457 840 mibi
490 776 613 841 consuti
645 776 807 858 destquoto
840 774 1108 840 tustdtotus
1138 796 1198 856 es,
1229 797 1278 840 ue
1307 776 1367 840 oe-

185 868 206 947 f
212 866 323 929 endi.
373 861 451 928 Onu
478 864 638 942 pronimts
670 862 801 926 comitiis
832 861 1051 926 consutoribus
1082 883 1130 927 noe
1152 864 1308 927 consulent
1330 863 1366 925 tn

187 970 292 1032 compo
323 957 351 1014 et
374 950 588 1030 competitores
618 955 686 1014 tuos
715 950 887 1030 interficere
917 949 1115 1026 notuisti,
1144 948 1366 1031 conpressi

186 1045 316 1102 conotus
346 1043 416 1102 tuos
445 1037 596 1118 nefarios.
645 1037 890 1118 Quotiescunque
922 1056 969 1099 orte
997 1036 1190 1119 petisti,
1224 1037 1282 1099 tibi
1306 1035 1366 1100 ob-

185 1125 306 1189 stu'tc'.
333 1123 400 1188 Cat.
426 1128 455 1204 1,
479 1126 529 1188 11.
574 1121 662 1187 Duru
679 1123 845 1203 praesidio
867 1121 936 1186 utto
955 1124 1031 1203 fue
1046 1128 1170 1205 rurct,
1199 1124 1235 1187 in
1258 1122 1366 1189 &ottae

184 1212 359 1292 praesidiis
387 1210 652 1291 futtRoscc'us.
698 1209 739 1275 R.
762 1208 804 1276 A.
829 1212 904 1274 126.
954 1207 1092 1288 Consus,
1126 1209 1258 1290 Ooesor,
1295 1208 1365 1290 aqi

186 1299 304 1362 multos
341 1297 481 1378 equidem
520 1296 580 1379 (ot.
611 1301 640 1361 et
667 1297 806 1380 quidem)
843 1301 954 1378 tecurn,
987 1296 1061 1359 duno
1094 1302 1122 1360 te
1153 1298 1188 1361 o'u
1216 1299 1285 1376 foro
1315 1301 1366 1359 te·

185 1387 288 1450 uutt
317 1386 401 1447 ratio
433 1384 587 1447 bonorum
617 1389 753 1449 tuorum.
799 1383 871 1466 Liq.
895 1387 946 1448 30.
993 1382 1044 1461 Ji,
1074 1384 1148 1448 duro
1168 1385 1243 1464 pori
1266 1389 1364 1447 certo·

184 1474 267 1536 enine
288 1491 339 1534 res
360 1470 430 1552 peri
448 1471 623 1550 potuit,
657 1490 804 1553 mannum
834 1470 969 1534 bostium
1001 1491 1164 1534 numer-ura
1181 1471 1280 1551 poucu'
1302 1489 1364 1533 su-

183 1559 405 1623 stinuere.
449 1557 476 1620 b.
500 1577 524 1622 r.
548 1561 582 1641 1,
606 1559 656 1622 51.
700 1593 744 1604 —
788 1557 849 1622 Vix
883 1575 1073 1638 quemquam
1117 1559 1213 1622 credo
1249 1557 1364 1622 horum

186 1647 328 1710 locorum
352 1644 531 1709 sententias
554 1643 773 1708 coincidentes
800 1642 951 1709 dicendas
969 1663 1040 1709 esse
1054 1645 1210 1724 judicare.
1257 1646 1362 1725 Atque

185 1734 247 1815 ipsi
270 1731 515 1796 Lattm-Muell.
541 1749 649 1797 eorum
674 1736 751 1813 tres,
775 1731 829 1811 qui
852 1732 955 1811 primo
977 1732 1046 1795 loco
1070 1733 1229 1813 leguntur,
1254 1732 1286 1795 in
1311 1732 1360 1795 ed.

187 1820 215 1884 V
239 1819 336 1884 aliter
359 1818 615 1900 explicaverunt,
652 1836 724 1883 cum
746 1823 892 1898 tempora
914 1817 1059 1899 perfecta
1088 1818 1175 1882 etin
1199 1817 1363 1900 primariis

187 1907 275 1972 etin
299 1905 499 1970 secundariis
523 1904 797 1970 enuntiationibus
821 1904 968 1969 absolute
992 1906 1098 1986 posita
1118 1924 1190 1971 esse
1213 1906 1364 1971 dixerunt

186 1994 250 2074 (ed.
274 1992 311 2056 V.
336 1992 353 2074 ξ
380 1997 440 2056 170
463 1989 518 2076 Il).
564 1991 654 2056 Idem
684 1991 825 2057 tortasse
858 1993 899 2056 de
930 1997 1046 2072 quarto
1075 1992 1145 2057 loco
1180 1993 1229 2073 (L.
1254 2000 1284 2070 4,
1306 1994 1362 2072 40)

185 2080 393 2144 statuendum
416 2083 474 2143 est.
523 2078 560 2142 In
590 2078 723 2159 reliquis
753 2084 862 2159 potest
892 2080 1006 2160 conjici
1036 2098 1099 2144 non
1126 2079 1216 2144 illam
1247 2078 1363 2144 coinci-

185 2165 315 2232 dentiae
339 2165 468 2246 quidem
489 2163 680 2230 relationem
702 2165 820 2247 valere,
845 2165 901 2230 sed
926 2166 1171 2247 congruentiae,
1196 2184 1291 2247 quam
1315 2164 1362 2228 di·

186 2259 263 2319 cunt
284 2251 531 2318 Lattm-Muell.
556 2251 610 2333 (f.
635 2251 912 2335 ed.111.§1or).
957 2253 1039 2317 Nam
1064 2255 1092 2317 ei
1117 2251 1363 2337 congruentium

186 2346 365 2421 temporum
390 2338 457 2422 legi
480 2336 670 2405 satisfacere
693 2339 857 2418 videntur,
892 2343 930 2404 ut
952 2340 1097 2405 actiones
1125 2358 1234 2405 rerum
1268 2337 1363 2404 simul

185 2434 218 2492 et
240 2427 396 2506 incipiant
419 2434 452 2490 et
474 2425 633 2490 desinant.
678 2425 775 2490 Modo
790 2425 873 2491 hunc
886 2427 990 2492 locum
1002 2434 1199 2507 spectemus:
1225 2425 1362 2510 ,Quam-

186 2515 241 2579 diu
274 2513 351 2576 mihi
386 2511 510 2578 consuli
540 2512 709 2594 designato
731 2512 903 2578 insidiatus
927 2531 981 2592 es,
1016 2532 1066 2577 me
1090 2513 1252 2580 defendit
1300 2512 1362 2577 Sed

185 2599 376 2682 impedimur
406 2600 446 2664 iis
469 2597 594 2681 verbis,
627 2600 764 2680 quaein
787 2599 892 2665 altero
915 2619 1042 2682 paragr.
1070 2606 1130 2666 109
1155 2602 1224 2665 loco
1247 2599 1294 2664 sic
1317 2599 1362 2662 le-

185 2693 321 2772 guntur:
347 2686 429 2770 ,Die
453 2685 584 2767 Tempp.
609 2691 672 2750 act.
696 2685 861 2766 perfectae
885 2686 1011 2752 kdunen
1035 2706 1095 2753 nur
1111 2687 1162 2752 die
1177 2685 1362 2767 Beziehung

186 2775 244 2839 der
267 2773 459 2840 Goincidenr
490 2771 550 2837 mit
579 2771 734 2838 einander
765 2772 951 2855 eingehen“.
996 2774 1105 2838 Etiam
1127 2772 1362 2840 admonendum

184 2861 313 2925 videtur
335 2861 367 2924 in
390 2860 440 2925 ed.
465 2859 494 2924 V
515 2858 598 2924 hunc
622 2860 819 2942 paragraphi
842 2862 947 2925 locum
970 2861 1101 2940 paulum
1124 2866 1284 2926 mutatum
1308 2878 1361 2924 ex-

184 2954 274 3013 stare
306 2947 357 3011 his
387 2945 493 3011 verbis
524 2947 680 3027 scriptum
711 2944 796 3031 (ann.
822 2951 873 3029 3):
917 2947 1020 3032 ,Dem
1049 2947 1275 3013 Verbaltnisse
1306 2947 1363 3011 der

103 3090 106 3095 ,
185 3032 377 3099 Ociucidenr
401 3033 565 3098 vernandt
586 3033 631 3098 ist
654 3034 712 3098 der
734 3033 823 3114 Fall,
857 3051 948 3098 wenn
971 3053 1011 3099 zu
1035 3034 1138 3100 einem
1160 3035 1362 3116 Hauptsatne

186 3121 246 3185 mit
268 3120 354 3185 Perf.
377 3119 454 3184 hist.
479 3120 530 3183 ein
553 3119 814 3185 indicativischer
837 3119 1081 3201 Temporalsatz
1105 3122 1191 3203 tritt,
1225 3120 1362 3185 welcher

186 3226 246 3272 nur
276 3207 334 3272 das
367 3205 573 3271 reitliche
605 3205 1026 3272 Zusammentreffen
1058 3208 1116 3272 der
1145 3208 1361 3290 Handlungen

184 3292 380 3359 bezeichnen
405 3294 475 3357 soll.
523 3292 664 3358 Alsdann
693 3294 769 3357 tritt
799 3292 857 3357 der
889 3293 1134 3376 Temporalsatz
1166 3295 1247 3361 auch
1279 3295 1361 3358 ohne

183 3380 341 3446 Identitat
362 3381 422 3445 der
444 3378 595 3460 Subjecte
617 3379 800 3460 gleichfalls
829 3380 860 3443 in
886 3379 945 3445 das
965 3381 1049 3447 Peri.
1073 3381 1170 3446 hist.“
1216 3381 1362 3461 Sequun-

182 3473 237 3532 tur
260 3467 432 3533 eorundem
453 3466 669 3548 exemplorum
693 3466 802 3548 aliqua
827 3471 859 3531 et
883 3467 970 3533 aliud
993 3487 1090 3534 unum
1113 3487 1224 3533 eorum
1247 3467 1361 3534 simile.

184 3554 244 3619 His
266 3554 374 3620 verbis
394 3555 491 3634 igitur
510 3560 668 3635 negantur
690 3553 819 3619 illorum
843 3554 985 3620 locorum
1007 3555 1187 3620 sententiae
1209 3573 1285 3621 vere
1309 3573 1361 3619 co-

182 3640 363 3707 incidentes
387 3659 458 3705 esse
481 3640 646 3706 dicendae.
692 3640 805 3722 Neque
833 3645 942 3707 tamen
972 3647 1185 3722 congruentes
1218 3661 1274 3708 eas
1305 3660 1360 3722 ap·

182 3728 299 3809 pellani
322 3733 472 3809 oportere
497 3727 693 3806 conceditur,
718 3745 789 3793 cum
813 3727 912 3793 etiam
934 3728 967 3791 in
989 3728 1050 3793 hac
1074 3728 1167 3794 ed.V
1191 3730 1252 3794 nisi
1275 3727 1361 3792 inter

186 3815 323 3880 actionis
347 3815 516 3881 continuae
539 3818 686 3895 tempora
708 3815 789 3879 haec
812 3814 1040 3894 congruentiae
1062 3815 1178 3880 relatio
1202 3834 1274 3881 esse
1298 3833 1358 3878 non

182 3920 279 3983 posse
302 3902 429 3968 dicatur
452 3899 505 3983 (ci.
530 3901 547 3982 ἓ
574 3901 659 3982 106).
705 3900 767 3966 Sed
792 3900 832 3964 de
855 3900 905 3965 bis
928 3901 1007 3966 locis
1030 3902 1107 3981 quid
1129 3901 1207 3966 mihi
1231 3904 1360 3984 quidem

179 3989 389 4070 judicandum
408 3988 567 4069 videatur,
590 3985 770 4068 apparebit,
794 4005 864 4051 cum
881 3987 922 4052 de
936 3992 1007 4052 tota
1023 3988 1237 4054 coincidentia
1260 3989 1359 4071 quid

180 4076 272 4156 ipse
296 4075 473 4142 sentiam
497 4074 707 4154 explicavero.
