2924 4904
725 355 766 414 54

150 525 249 608 pubus
271 526 308 590 οα
330 523 492 606 superiore
515 524 694 589 coubicioac
724 542 879 606 causaque
898 525 1042 605 ponitur,
1072 525 1162 605 caius
1192 524 1410 606 majescum

153 612 289 695 foederis
312 612 473 676 sanctione
496 611 684 693 defenditur.
727 610 823 676 Babb.
848 616 898 693 10,
921 615 972 675 30.
1019 611 1139 691 Quibus
1168 631 1237 692 cum
1261 618 1419 691 pri-0·

157 701 277 766 occatio
300 700 405 778 datur,
428 718 533 762 uoaue
556 704 626 763 acta
649 697 796 762 Caesaris
817 699 1071 764 resciuaautur?
1105 697 1189 763 Pbib.
1202 697 1232 779 I,
1246 703 1276 781 9,
1287 688 1433 762 233·

158 787 223 868 Quo
245 787 296 851 die
314 787 435 868 popabo
460 785 605 850 Romauo
627 785 748 848 tribuui
768 785 855 864 plebi
876 786 1015 849 restituti
1038 791 1124 865 suut,
1148 786 1254 850 omnia
1278 787 1378 848 ist»
1391 778 1438 835 ἐῢ

158 874 242 939 uobis
275 923 280 935 .
306 924 313 938 .
339 924 345 938 .
377 874 521 952 oaeirpta
551 880 579 936 et
610 877 718 952 erepta
749 878 833 936 suut.
876 872 1018 954 Vara,
1040 875 1091 954 08,
1114 875 1186 937 175.
1243 870 1333 952 Saep·
1348 878 1445 926 <³ss

159 961 323 1026 obscurius
349 961 493 1040 positum
524 960 636 1024 uitium
661 980 724 1040 pro
753 979 824 1023 ocra
850 960 1015 1039 probatur,
1051 979 1120 1023 cam
1149 964 1204 1023 aut
1223 968 1449 1039 parantem

158 1048 345 1125 memiacris,
368 1047 445 1127 quia
458 1048 653 1126 concessoris,
677 1051 733 1110 aui
749 1047 928 1129 ambipaam
945 1046 1067 1128 aliquid
1087 1065 1149 1126 pro
1167 1051 1248 1110 certo
1271 1066 1330 1111 cou
1344 1056 1452 1104 sn·

160 1134 300 1200 cesseris.
324 1135 389 1197 iao.
412 1132 440 1210 Ι,
465 1136 518 1217 47,
541 1137 593 1198 88.
637 1133 734 1197 Facti
756 1135 891 1213 suspitio
914 1135 1128 1216 coufirmatur,
1148 1153 1217 1197 cam
1239 1139 1269 1196 ei
1290 1153 1342 1197 oo·
1358 1142 1455 1188 C]-

161 1222 297 1287 buaiatis
319 1222 355 1284 iu
377 1240 428 1284 reo
451 1241 564 1285 causac
577 1221 783 1301 reperiamur
805 1227 833 1284 et
853 1221 1028 1301 facabtotis.
1045 1226 1134 1300 part.
1149 1239 1195 1284 or.
1210 1213 1458 1301 3211ἒὲ3.

161 1309 248 1390 Quod
272 1310 329 1390 (sc.
343 1308 483 1372 transire
496 1309 612 1389 lineas)
635 1328 704 1371 oum
716 1309 839 1388 feceris,
862 1308 956 1388 calpa
974 1307 1136 1372 commissa
1150 1313 1205 1372 esi.
1224 1297 1459 1387 partiabi-

161 1395 233 1479 111,
255 1400 308 1459 20.
362 1393 453 1458 1αοον
484 1395 756 1473 ‹toutbrmaiiouem
784 1395 943 1459 verboram
972 1402 1001 1458 ei
1030 1395 1259 1459 seuimtiarum
1288 1395 1353 1458 bo·
1364 1402 1460 1448 02⁶

162 1484 309 1561 interest,
339 1483 419 1562 quod
441 1481 602 1545 uerborum
625 1481 810 1564 tollitur,
839 1483 869 1545 si
897 1481 990 1546 uerba
1019 1482 1207 1545 mutaris.
1240 1483 1277 1546 dc
1299 1489 1461 1567 αΝῑΨς

162 1569 235 1648 ΙΙΙ,
259 1573 312 1651 52,
334 1572 408 1633 201.
455 1567 540 1648 Quae
563 1569 725 1651 (voluntas
748 1568 889 1634 studium
914 1567 1096 1653 disciplina)
1126 1567 1291 1647 tobbuutar,
1313 1575 1461 1631 se-Sr

163 1656 212 1720 uis
235 1661 264 1719 et
286 1661 406 1719 actura
426 1656 491 1735 foti
513 1676 551 1717 ea
575 1655 783 1718 dioiuatiouis
805 1657 927 1720 ratione
948 1655 1139 1737 firurabitur.
1158 1658 1217 1737 fat.
1241 1658 1270 1737 5,
1293 1647 1459 1739 1151,-

164 1741 274 1808 Omuis
298 1744 364 1824 ejus
386 1744 472 1806 modi
492 1741 689 1822 perturbatio
711 1743 813 1806 animi
830 1743 1011 1822 placatione
1026 1742 1175 1806 abluatur
1197 1741 1257 1806 ibba
1278 1738 1416 1822 qai-‘s
1431 1748 1460 1789 b·

166 1831 244 1908 acue,
268 1850 337 1894 cum
361 1830 471 1894 doceas
494 1851 549 1894 aco
569 1830 684 1893 bouum
706 1829 788 1893 00οα0
810 1850 875 1893 esse
896 1852 920 1893 e.
943 1851 971 1911 q.
996 1849 1021 1894 s.
1045 1836 1121 1893 tusc.
1144 1829 1203 1908 IV,
1226 1833 1282 1911 28,
1294 1817 1456 1893 60&-

167 1917 230 1981 lue
251 1916 501 1998 improbissimus
525 1916 720 1999 Cbrpsopoui
740 1920 849 1997 fauctor
872 1966 878 1979 .
903 1967 909 1979 .
934 1967 940 1981 .
965 1917 1110 1999 laeditur,
1140 1936 1209 1981 cum
1232 1915 1269 1979 ab
1291 1916 1362 1979 bo·
1374 1917 1457 1962 0⁰

165 2004 329 2085 spieuoiorc
350 2025 449 2068 causa
472 2011 649 2084 separatur.
675 2003 768 2068 Rosa.
793 2006 865 2067 Am.
890 2007 1039 2084 49,142,·
1063 2007 1103 2086 cf.
1129 2003 1216 2069 anc.
1228 2006 1278 2082 15,
1292 1988 1454 2067 42990

166 2109 260 2172 quem
281 2090 386 2155 locum
409 2110 506 2171 supra
530 2091 697 2155 attulimus
719 2111 750 2172 p.
774 2097 825 2154 41.
851 2109 896 2172 sq.
918 2127 961 2136 -

255 2176 316 2242 Sed
341 2178 428 2242 haud
451 2179 497 2242 ita
522 2178 615 2258 pauci
639 2183 714 2242 sunt
737 2179 814 2261 loci,
845 2178 877 2241 in
907 2176 1022 2259 quibus
1054 2197 1093 2242 ne
1117 2177 1395 2260 intellegantun:
1413 2176 1451 2221 Τ

167 2264 296 2346 quidem
328 2265 440 2330 eadem
471 2263 628 2346 subjecta.
674 2265 797 2330 Horum
826 2265 930 2346 major
960 2283 1036 2346 pars
1067 2265 1116 2330 ita
1147 2270 1197 2329 est
1221 2264 1396 2330 eonforae
1407 2260 1448 2288 ‘·

167 2356 266 2428 mata,
290 2355 327 2414 ut
351 2353 390 2415 de
414 2371 452 2416 ea
476 2371 524 2434 re,
550 2370 631 2433 quae
656 2352 848 2417 secundaria
872 2352 1092 2416 enuntiatione
1114 2350 1185 2417 fieri
1209 2353 1356 2430 (licetur=
1375 2347 1446 2406 ’ν

163 2438 319 2519 judicium
342 2437 400 2503 fiat
423 2440 588 2502 nomine
613 2436 870 2503 abstractae
894 2440 1091 2504 notionis
1143 2439 1212 2516 Quo
1235 2440 1267 2503 in
1290 2449 1444 2502 nos

169 2524 255 2589 mine
280 2543 349 2589 cum
374 2526 546 2606 primariae
571 2527 801 2591 enuntiationis
826 2531 895 2590 totu
918 2526 987 2590 fere
1010 2526 1172 2591 sententia
1187 2530 1397 2606 versaturc
1408 2518 1442 2580 ’ν

167 2609 265 2677 verbo
297 2610 387 2677 finito
419 2612 497 2676 nihil
530 2612 618 2677 aliud
649 2614 733 2678 solet
762 2613 914 2690 indicari,
948 2620 1045 2693 atque
1076 2631 1170 2678 esse
1198 2631 1268 2677 rem
1292 2631 1331 2676 au

168 2717 247 2764 non
274 2716 366 2764 esse
390 2705 446 2764 aut
469 2702 659 2780 incipere
684 2718 754 2764 esse
778 2706 834 2764 aut
858 2700 1068 2764 desinere.
1120 2700 1216 2764 Ratio
1241 2691 1440 2765 autemst

168 2786 403 2851 sententiarum
427 2787 460 2850 in
482 2786 533 2851 his
557 2787 635 2851 loeis
659 2786 805 2851 omnibus
829 2805 868 2851 ea
892 2792 952 2869 est,
977 2786 1018 2850 de
1041 2804 1104 2867 qua
1120 2806 1150 2867 p.
1163 2787 1216 2850 41.
1231 2805 1258 2852 e.
1283 2786 1347 2868 egi·
1363 2793 1438 2824 s

170 2891 260 2952 mus,
292 2879 328 2937 ut
351 2873 505 2953 primaria
529 2873 749 2939 enuntiatione
771 2875 819 2938 vis
843 2893 879 2938 ae
903 2875 1027 2954 pondus
1051 2872 1211 2938 indicetur
1235 2892 1346 2939 secun·
1405 2880 1436 2897 ²

172 2959 282 3024 dariae
307 2961 546 3026 enuntiationis,
593 2960 692 3042 Cujus
715 2961 842 3042 generis
858 2967 932 3026 sunt
948 2960 1204 3041 haecexempla:
1228 2960 1348 3026 Nostra

171 3045 296 3127 culpa
317 3048 464 3127 fucrit,
487 3048 517 3110 si
540 3052 568 3110 ie
670 3047 892 3114 dimiserimus.
915 3049 952 3112 cic
975 3069 1018 3112 or.
1041 3047 1071 3123 Ι,
1094 3051 1239 3124 22,100.
1282 3047 1347 3112 No·

169 3137 238 3196 stra
260 3133 383 3215 paidom
405 3153 531 3196 caasa
550 3134 704 3214 facilis
727 3140 800 3210 est,
826 3136 880 3215 qui
901 3155 1008 3198 oerum
1030 3135 1170 3199 iuocairc
1190 3134 1262 3199 siue
1283 3134 1349 3198 abbo

111 3298 113 3302 .
172 3221 366 3284 coutcutioae
387 3218 537 3283 ooiamas.
568 3219 626 3283 Ac.
641 3239 696 3299 pr.
721 3219 771 3303 ΙΙ,
794 3226 824 3303 3,
848 3225 878 3287 7.
924 3221 991 3286 Hoc
1022 3222 1093 3302 ipso
1123 3220 1350 3287 meliorest

170 3311 227 3371 tao
249 3327 343 3389 quam
365 3312 473 3371 uostra
497 3308 699 3386 coacticia,
722 3309 801 3388 quoa
824 3314 858 3371 tu
873 3308 948 3388 prtia
963 3309 1066 3374 dolcat
1086 3308 1218 3373 scribere
1241 3309 1351 3392 audes,
1434 3355 1436 3359 ν

170 3413 228 3458 uos
251 3416 291 3459 ue
312 3395 347 3458 00
369 3395 491 3475 puidam
515 3399 581 3457 taio
597 3414 779 3475 possumus.
799 3396 877 3475 fam.
892 3394 914 3457 1
919 3395 951 3473 V,
973 3400 1004 3479 4,
1018 3400 1051 3460 2.
1096 3395 1132 3462 Si
1151 3395 1186 3460 00
1209 3394 1350 3460 eiciemus

169 3483 252 3562 paca
270 3501 303 3546 eo
319 3483 390 3563 jam
410 3482 481 3563 frui
498 3481 586 3546 uobis
601 3502 666 3545 aou
682 3481 762 3562 iicet,
784 3487 926 3546 uostram
949 3488 994 3547 est
1016 3484 1050 3548 00
1072 3482 1229 3546 maium.
1253 3482 1351 3548 Brut.

169 3572 198 3650 1,
222 3571 252 3632 5.
298 3568 409 3648 Quid?
432 3589 501 3632 cum
527 3567 663 3632 Gabinio
687 3568 783 3650 Spria
806 3569 940 3633 dabatur
965 3619 972 3634 .
997 3616 1005 3635 .
1031 3619 1055 3654 .,
1078 3590 1118 3634 ue
1140 3574 1208 3634 tum
1228 3570 1352 3650 quidem

170 3655 232 3719 uis
255 3657 372 3720 erat?
405 3654 485 3718 door.
509 3660 562 3729 21,
587 3659 638 3719 55.
683 3657 759 3719 Ναα
788 3656 887 3738 ipitar
917 3662 986 3720 erat
1012 3657 1072 3722 ibba
1094 3662 1160 3720 tum
1183 3656 1349 3737 ciuitas,

172 3761 241 3806 cum
265 3743 346 3824 bepes
369 3741 402 3804 ia
434 3762 472 3805 ea
500 3741 582 3804 uibib
611 3742 774 3824 oabebaut,
804 3764 873 3807 cam
897 3744 1023 3826 judicia
1045 3743 1193 3827 jacebuut
1226 3764 1251 3809 e.
1275 3764 1302 3826 q.
1324 3764 1350 3809 s.

166 3829 284 3910 parad.
299 3827 358 3911 IV,
383 3831 436 3892 29.
482 3826 602 3891 Nomou
625 3833 749 3894 tautam
771 3830 926 3895 uidebitur
948 3832 1031 3914 repis
1052 3831 1263 3911 repudiatam,
1285 3850 1352 3896 res

172 3915 368 3996 mauebit,
399 3915 428 3978 si
459 3934 544 3978 uuus
573 3915 715 3981 omuibus
743 3917 875 3998 reliquis
905 3919 1146 4001 mapistratibas
1174 3917 1351 3998 imperabit.

173 4002 229 4085 lep.
252 4002 324 4083 ΙΙΙ,
343 4005 437 4083 7,15.
488 4000 560 4067 Uria
583 4004 817 4067 consolatio
840 4011 894 4088 cst,
917 4006 998 4087 quod
1022 4026 1058 4069 ea
1081 4006 1260 4070 conditione
1280 4005 1351 4069 uati

82 4098 83 4102 ’
171 4110 292 4167 samua,
316 4097 352 4154 ut
376 4141 382 4156 .
407 4139 414 4154 .
439 4137 446 4153 .
469 4091 537 4154 Aa.
553 4088 629 4172 XV,
652 4094 680 4167 1,
704 4096 731 4155 1.
777 4090 849 4156 Huc
871 4093 901 4156 si
919 4093 1111 4173 pcrocucris,
1133 4113 1181 4156 me
1204 4092 1262 4158 tibi
1282 4092 1351 4172 pri-

171 4197 254 4242 mum
265 4178 401 4258 quidque
412 4177 600 4257 couccdcutc,
623 4197 723 4240 cacum
746 4178 785 4241 oi
796 4178 897 4243 tiam
908 4181 1017 4261 suerit.
1040 4179 1099 4245 Ac.
1107 4199 1163 4261 pr.
1176 4178 1225 4258 ΙΙ,
1238 4183 1288 4261 16,
1300 4183 1351 4243 40.

174 4263 220 4330 Iu
250 4283 309 4345 aaa
339 4266 397 4348 (sc.
427 4264 460 4329 in
489 4261 661 4347 generibus
691 4265 900 4352 exponendis)
928 4267 1076 4332 uitium
1108 4273 1168 4352 est,
1200 4268 1231 4330 si
1250 4283 1350 4348 perias
