<?xml version="1.0" encoding="UTF-8"?>
<!DOCTYPE html PUBLIC "-//W3C//DTD XHTML 1.0 Transitional//EN"
    "http://www.w3.org/TR/xhtml1/DTD/xhtml1-transitional.dtd">
<html xmlns="http://www.w3.org/1999/xhtml" xml:lang="en" lang="en">
 <head>
  <title>
</title>
<meta http-equiv="Content-Type" content="text/html;charset=utf-8" />
  <meta name='ocr-system' content='tesseract 3.04.00' />
  <meta name='ocr-capabilities' content='ocr_page ocr_carea ocr_par ocr_line ocrx_word'/>
</head>
<body>
  <div class='ocr_page' id='page_1' title='image "./decoincidentiae00lattgoog_0108.png"; bbox 0 0 2924 4904; ppageno 0'>
   <div class='ocr_carea' id='block_1_1' title="bbox 709 345 751 406">
    <p class='ocr_par' dir='ltr' id='par_1_1' title="bbox 709 345 751 406">
     <span class='ocr_line' id='line_1_1' title="bbox 709 345 751 406; baseline 0 0"><span class='ocrx_word' id='word_1_1' title='bbox 709 345 751 406; x_wconf 82' lang='lat'>99</span> 
     </span>
    </p>
   </div>
   <div class='ocr_carea' id='block_1_2' title="bbox 136 507 1324 689">
    <p class='ocr_par' dir='ltr' id='par_1_2' title="bbox 136 507 1324 689">
     <span class='ocr_line' id='line_1_2' title="bbox 136 507 1323 599; baseline -0.001 -15"><span class='ocrx_word' id='word_1_2' title='bbox 136 513 388 584; x_wconf 80' lang='lat' dir='ltr'>conditionalem</span> <span class='ocrx_word' id='word_1_3' title='bbox 411 509 474 578; x_wconf 90' lang='lat' dir='ltr'>vim</span> <span class='ocrx_word' id='word_1_4' title='bbox 496 507 606 577; x_wconf 88' lang='lat' dir='ltr'>habet.</span> <span class='ocrx_word' id='word_1_5' title='bbox 652 511 785 594; x_wconf 87' lang='lat' dir='ltr'>Itaque,</span> <span class='ocrx_word' id='word_1_6' title='bbox 814 510 899 594; x_wconf 90' lang='lat' dir='ltr'>quod</span> <span class='ocrx_word' id='word_1_7' title='bbox 932 514 974 580; x_wconf 88' lang='lat' dir='ltr'>ad</span> <span class='ocrx_word' id='word_1_8' title='bbox 998 515 1162 584; x_wconf 82' lang='lat' dir='ltr'>Ciceronis</span> <span class='ocrx_word' id='word_1_9' title='bbox 1194 515 1323 599; x_wconf 87' lang='lat' dir='ltr'>quidem</span> 
     </span>
     <span class='ocr_line' id='line_1_3' title="bbox 138 597 1324 689; baseline -0.001 -18"><span class='ocrx_word' id='word_1_10' title='bbox 138 604 263 685; x_wconf 87' lang='lat' dir='ltr'>scripta</span> <span class='ocrx_word' id='word_1_11' title='bbox 286 603 416 683; x_wconf 79' lang='lat' dir='ltr'>attinet,</span> <span class='ocrx_word' id='word_1_12' title='bbox 439 618 502 664; x_wconf 93' lang='lat' dir='ltr'>non</span> <span class='ocrx_word' id='word_1_13' title='bbox 524 604 614 664; x_wconf 87' lang='lat' dir='ltr'>recte</span> <span class='ocrx_word' id='word_1_14' title='bbox 638 597 899 665; x_wconf 85' lang='lat' dir='ltr'>Gossravius</span> <span class='ocrx_word' id='word_1_15' title='bbox 922 601 939 684; x_wconf 60' lang='grc' dir='ltr'>ᾗ</span> <span class='ocrx_word' id='word_1_16' title='bbox 962 607 1025 666; x_wconf 88' lang='grc'>469</span> <span class='ocrx_word' id='word_1_17' title='bbox 1049 603 1149 670; x_wconf 89' lang='lat' dir='ltr'>dicit:</span> <span class='ocrx_word' id='word_1_18' title='bbox 1181 605 1272 689; x_wconf 81' lang='lat' dir='ltr'>,Scia</span> <span class='ocrx_word' id='word_1_19' title='bbox 1292 612 1324 670; x_wconf 89' lang='lat' dir='ltr'>te</span> 
     </span>
    </p>
   </div>
   <div class='ocr_carea' id='block_1_3' title="bbox 137 686 1328 1206">
    <p class='ocr_par' dir='ltr' id='par_1_3' title="bbox 137 686 1328 1206">
     <span class='ocr_line' id='line_1_4' title="bbox 142 686 1327 771; baseline 0.001 -15"><span class='ocrx_word' id='word_1_20' title='bbox 142 692 340 771; x_wconf 69' lang='lat' dir='ltr'>scripturum</span> <span class='ocrx_word' id='word_1_21' title='bbox 359 688 479 769; x_wconf 84' lang='lat' dir='ltr'>fuisse:</span> <span class='ocrx_word' id='word_1_22' title='bbox 511 687 587 751; x_wconf 85' lang='lat' dir='ltr'>dass</span> <span class='ocrx_word' id='word_1_23' title='bbox 610 686 653 751; x_wconf 91' lang='lat' dir='ltr'>du</span> <span class='ocrx_word' id='word_1_24' title='bbox 675 686 750 752; x_wconf 86' lang='lat' dir='ltr'>hast</span> <span class='ocrx_word' id='word_1_25' title='bbox 772 686 942 752; x_wconf 86' lang='lat' dir='ltr'>schreiben</span> <span class='ocrx_word' id='word_1_26' title='bbox 964 689 1095 769; x_wconf 85' lang='lat' dir='ltr'>vollen,</span> <span class='ocrx_word' id='word_1_27' title='bbox 1130 690 1230 756; x_wconf 88' lang='lat' dir='ltr'>oder</span> <span class='ocrx_word' id='word_1_28' title='bbox 1252 711 1327 757; x_wconf 91' lang='lat' dir='ltr'>con·</span> 
     </span>
     <span class='ocr_line' id='line_1_5' title="bbox 137 772 1326 844; baseline -0.001 0"><span class='ocrx_word' id='word_1_29' title='bbox 137 778 294 844; x_wconf 88' lang='lat' dir='ltr'>ditional:</span> <span class='ocrx_word' id='word_1_30' title='bbox 318 774 394 840; x_wconf 89' lang='lat' dir='ltr'>dass</span> <span class='ocrx_word' id='word_1_31' title='bbox 417 774 461 840; x_wconf 92' lang='lat' dir='ltr'>du</span> <span class='ocrx_word' id='word_1_32' title='bbox 483 773 626 838; x_wconf 79' lang='lat' dir='ltr'>virdest</span> <span class='ocrx_word' id='word_1_33' title='bbox 647 772 752 839; x_wconf 88' lang='lat' dir='ltr'>haben</span> <span class='ocrx_word' id='word_1_34' title='bbox 775 772 945 840; x_wconf 86' lang='lat' dir='ltr'>schreiben</span> <span class='ocrx_word' id='word_1_35' title='bbox 969 776 1115 842; x_wconf 87' lang='lat' dir='ltr'>vollen“.</span> <span class='ocrx_word' id='word_1_36' title='bbox 1143 778 1234 844; x_wconf 91' lang='lat' dir='ltr'>Unus</span> <span class='ocrx_word' id='word_1_37' title='bbox 1249 797 1326 844; x_wconf 91' lang='lat' dir='ltr'>con·</span> 
     </span>
     <span class='ocr_line' id='line_1_6' title="bbox 137 858 1328 948; baseline -0.001 -16"><span class='ocrx_word' id='word_1_38' title='bbox 137 863 307 932; x_wconf 87' lang='lat' dir='ltr'>ditionaiis</span> <span class='ocrx_word' id='word_1_39' title='bbox 330 879 444 928; x_wconf 90' lang='lat' dir='ltr'>sensus</span> <span class='ocrx_word' id='word_1_40' title='bbox 467 860 537 941; x_wconf 90' lang='lat' dir='ltr'>ejus</span> <span class='ocrx_word' id='word_1_41' title='bbox 559 858 682 925; x_wconf 88' lang='lat' dir='ltr'>formae</span> <span class='ocrx_word' id='word_1_42' title='bbox 705 861 791 942; x_wconf 90' lang='lat' dir='ltr'>apud</span> <span class='ocrx_word' id='word_1_43' title='bbox 803 861 991 927; x_wconf 84' lang='lat' dir='ltr'>Ciceronem</span> <span class='ocrx_word' id='word_1_44' title='bbox 1013 863 1185 948; x_wconf 88' lang='lat' dir='ltr'>invenitur,</span> <span class='ocrx_word' id='word_1_45' title='bbox 1207 871 1245 931; x_wconf 90' lang='lat' dir='ltr'>ut</span> <span class='ocrx_word' id='word_1_46' title='bbox 1255 883 1328 931; x_wconf 90' lang='lat' dir='ltr'>cum</span> 
     </span>
     <span class='ocr_line' id='line_1_7' title="bbox 141 947 1328 1034; baseline -0.002 -15"><span class='ocrx_word' id='word_1_47' title='bbox 141 973 182 1019; x_wconf 87' lang='lat' dir='ltr'>ea</span> <span class='ocrx_word' id='word_1_48' title='bbox 206 947 432 1016; x_wconf 85' lang='lat' dir='ltr'>conditionalis</span> <span class='ocrx_word' id='word_1_49' title='bbox 455 947 676 1029; x_wconf 80' lang='lat' dir='ltr'>conjunctivus</span> <span class='ocrx_word' id='word_1_50' title='bbox 699 953 873 1030; x_wconf 84' lang='lat' dir='ltr'>congruat,</span> <span class='ocrx_word' id='word_1_51' title='bbox 902 948 1002 1014; x_wconf 88' lang='lat' dir='ltr'>etiam</span> <span class='ocrx_word' id='word_1_52' title='bbox 1023 948 1078 1015; x_wconf 92' lang='lat' dir='ltr'>ubi</span> <span class='ocrx_word' id='word_1_53' title='bbox 1101 970 1141 1016; x_wconf 81' lang='lat' dir='ltr'>ex</span> <span class='ocrx_word' id='word_1_54' title='bbox 1162 954 1328 1034; x_wconf 83' lang='lat' dir='ltr'>praesenti</span> 
     </span>
     <span class='ocr_line' id='line_1_8' title="bbox 139 1032 1328 1119; baseline -0.002 -14"><span class='ocrx_word' id='word_1_55' title='bbox 139 1038 245 1105; x_wconf 86' lang='lat' dir='ltr'>oratio</span> <span class='ocrx_word' id='word_1_56' title='bbox 268 1036 420 1118; x_wconf 86' lang='lat' dir='ltr'>pendeat,</span> <span class='ocrx_word' id='word_1_57' title='bbox 452 1033 493 1100; x_wconf 83' lang='lat' dir='ltr'>ci.</span> <span class='ocrx_word' id='word_1_58' title='bbox 516 1032 649 1098; x_wconf 90' lang='lat' dir='ltr'>Dicat</span> <span class='ocrx_word' id='word_1_59' title='bbox 669 1053 734 1116; x_wconf 90' lang='lat' dir='ltr'>me,</span> <span class='ocrx_word' id='word_1_60' title='bbox 757 1035 788 1100; x_wconf 92' lang='lat' dir='ltr'>si</span> <span class='ocrx_word' id='word_1_61' title='bbox 810 1037 908 1100; x_wconf 84' lang='lat' dir='ltr'>nrutta</span> <span class='ocrx_word' id='word_1_62' title='bbox 930 1036 1149 1119; x_wconf 78' lang='lat' dir='ltr'>dixissem,</span> <span class='ocrx_word' id='word_1_63' title='bbox 1185 1038 1328 1103; x_wconf 84' lang='lat' dir='ltr'>subie-</span> 
     </span>
     <span class='ocr_line' id='line_1_9' title="bbox 140 1120 914 1206; baseline -0.009 -15"><span class='ocrx_word' id='word_1_64' title='bbox 140 1132 334 1191; x_wconf 90' lang='lat' dir='ltr'>uatnrnm</span> <span class='ocrx_word' id='word_1_65' title='bbox 352 1122 492 1202; x_wconf 81' lang='lat' dir='ltr'>fnisse</span> <span class='ocrx_word' id='word_1_66' title='bbox 514 1140 594 1185; x_wconf 90' lang='lat' dir='ltr'>eum.</span> <span class='ocrx_word' id='word_1_67' title='bbox 644 1120 731 1185; x_wconf 86' lang='lat' dir='ltr'>Verr.</span> <span class='ocrx_word' id='word_1_68' title='bbox 755 1122 785 1205; x_wconf 91' lang='lat' dir='ltr'>I,</span> <span class='ocrx_word' id='word_1_69' title='bbox 808 1127 839 1206; x_wconf 88' lang='lat'>9,</span> <span class='ocrx_word' id='word_1_70' title='bbox 861 1125 914 1187; x_wconf 83' lang='grc'><strong><em>24.</em></strong></span> 
     </span>
    </p>
   </div>
   <div class='ocr_carea' id='block_1_4' title="bbox 140 1378 1429 4339">
    <p class='ocr_par' dir='ltr' id='par_1_4' title="bbox 140 1378 1335 1813">
     <span class='ocr_line' id='line_1_10' title="bbox 229 1378 1330 1463; baseline 0.001 -16"><span class='ocrx_word' id='word_1_71' title='bbox 229 1379 428 1448; x_wconf 86' lang='lat' dir='ltr'>Perfecti</span> <span class='ocrx_word' id='word_1_72' title='bbox 462 1378 713 1447; x_wconf 82' lang='lat' dir='ltr'>infinitivus</span> <span class='ocrx_word' id='word_1_73' title='bbox 750 1398 820 1446; x_wconf 88' lang='lat' dir='ltr'>cum</span> <span class='ocrx_word' id='word_1_74' title='bbox 854 1383 1084 1463; x_wconf 83' lang='lat' dir='ltr'>praesenti</span> <span class='ocrx_word' id='word_1_75' title='bbox 1118 1382 1202 1450; x_wconf 91' lang='lat' dir='ltr'>finiti</span> <span class='ocrx_word' id='word_1_76' title='bbox 1236 1381 1330 1450; x_wconf 90' lang='lat' dir='ltr'>verbi</span> 
     </span>
     <span class='ocr_line' id='line_1_11' title="bbox 140 1467 1332 1553; baseline -0.002 -15"><span class='ocrx_word' id='word_1_77' title='bbox 140 1479 289 1553; x_wconf 88' lang='lat' dir='ltr'>tempore</span> <span class='ocrx_word' id='word_1_78' title='bbox 323 1468 512 1549; x_wconf 88' lang='lat' dir='ltr'>conjunctus</span> <span class='ocrx_word' id='word_1_79' title='bbox 546 1484 675 1548; x_wconf 81' lang='lat' dir='ltr'>semper</span> <span class='ocrx_word' id='word_1_80' title='bbox 701 1467 881 1549; x_wconf 87' lang='lat' dir='ltr'>perfectam</span> <span class='ocrx_word' id='word_1_81' title='bbox 907 1469 1136 1551; x_wconf 90' lang='lat' dir='ltr'>inpraesenti</span> <span class='ocrx_word' id='word_1_82' title='bbox 1168 1471 1332 1537; x_wconf 88' lang='lat' dir='ltr'>actionem</span> 
     </span>
     <span class='ocr_line' id='line_1_12' title="bbox 141 1554 1335 1644; baseline 0 -19"><span class='ocrx_word' id='word_1_83' title='bbox 141 1556 316 1644; x_wconf 86' lang='lat' dir='ltr'>significat,</span> <span class='ocrx_word' id='word_1_84' title='bbox 340 1556 409 1637; x_wconf 89' lang='lat' dir='ltr'>ejus</span> <span class='ocrx_word' id='word_1_85' title='bbox 433 1554 561 1635; x_wconf 89' lang='lat' dir='ltr'>quidem</span> <span class='ocrx_word' id='word_1_86' title='bbox 583 1555 721 1636; x_wconf 83' lang='lat' dir='ltr'>generis,</span> <span class='ocrx_word' id='word_1_87' title='bbox 744 1554 829 1636; x_wconf 88' lang='lat' dir='ltr'>quod</span> <span class='ocrx_word' id='word_1_88' title='bbox 850 1575 881 1637; x_wconf 88' lang='lat' dir='ltr'>p.</span> <span class='ocrx_word' id='word_1_89' title='bbox 897 1561 938 1623; x_wconf 88' lang='grc'>89</span> <span class='ocrx_word' id='word_1_90' title='bbox 954 1557 1010 1622; x_wconf 86' lang='lat' dir='ltr'>ini.</span> <span class='ocrx_word' id='word_1_91' title='bbox 1034 1558 1224 1625; x_wconf 88' lang='lat' dir='ltr'>notavimus.</span> <span class='ocrx_word' id='word_1_92' title='bbox 1263 1557 1335 1636; x_wconf 82' lang='lat' dir='ltr'>Qua</span> 
     </span>
     <span class='ocr_line' id='line_1_13' title="bbox 142 1640 1335 1723; baseline -0.002 -12"><span class='ocrx_word' id='word_1_93' title='bbox 142 1649 184 1713; x_wconf 89' lang='lat' dir='ltr'>de</span> <span class='ocrx_word' id='word_1_94' title='bbox 208 1665 244 1711; x_wconf 90' lang='lat' dir='ltr'>re</span> <span class='ocrx_word' id='word_1_95' title='bbox 267 1640 523 1709; x_wconf 90' lang='lat' dir='ltr'>coincidentibus</span> <span class='ocrx_word' id='word_1_96' title='bbox 547 1642 718 1708; x_wconf 82' lang='lat' dir='ltr'>sententiis</span> <span class='ocrx_word' id='word_1_97' title='bbox 739 1661 868 1722; x_wconf 85' lang='lat' dir='ltr'>semper</span> <span class='ocrx_word' id='word_1_98' title='bbox 886 1645 1034 1723; x_wconf 87' lang='lat' dir='ltr'>perfecta</span> <span class='ocrx_word' id='word_1_99' title='bbox 1047 1645 1089 1710; x_wconf 90' lang='lat' dir='ltr'>ad</span> <span class='ocrx_word' id='word_1_100' title='bbox 1103 1644 1335 1712; x_wconf 87' lang='lat' dir='ltr'>eumreferun-</span> 
     </span>
     <span class='ocr_line' id='line_1_14' title="bbox 147 1726 1290 1813; baseline 0 -13"><span class='ocrx_word' id='word_1_101' title='bbox 147 1740 203 1800; x_wconf 85' lang='lat' dir='ltr'>tur</span> <span class='ocrx_word' id='word_1_102' title='bbox 226 1737 282 1798; x_wconf 89' lang='lat' dir='ltr'>aut</span> <span class='ocrx_word' id='word_1_103' title='bbox 305 1728 500 1811; x_wconf 88' lang='lat' dir='ltr'>conjunctivi</span> <span class='ocrx_word' id='word_1_104' title='bbox 523 1726 579 1811; x_wconf 92' lang='lat' dir='ltr'>(cf.</span> <span class='ocrx_word' id='word_1_105' title='bbox 602 1729 699 1794; x_wconf 87' lang='lat' dir='ltr'>L.-M.</span> <span class='ocrx_word' id='word_1_106' title='bbox 722 1728 761 1794; x_wconf 90' lang='lat' dir='ltr'>V.</span> <span class='ocrx_word' id='word_1_107' title='bbox 784 1729 802 1812; x_wconf 56' lang='grc' dir='ltr'>ᾗ</span> <span class='ocrx_word' id='word_1_108' title='bbox 827 1730 902 1813; x_wconf 84' lang='grc'><strong><em>124)</em></strong></span> <span class='ocrx_word' id='word_1_109' title='bbox 925 1737 982 1797; x_wconf 87' lang='lat' dir='ltr'>aut</span> <span class='ocrx_word' id='word_1_110' title='bbox 1004 1731 1171 1799; x_wconf 90' lang='lat' dir='ltr'>indicativi</span> <span class='ocrx_word' id='word_1_111' title='bbox 1193 1732 1290 1800; x_wconf 89' lang='lat' dir='ltr'>modi.</span> 
     </span>
    </p>

    <p class='ocr_par' dir='ltr' id='par_1_5' title="bbox 723 1834 752 1882">
     <span class='ocr_line' id='line_1_15' title="bbox 723 1834 752 1882; baseline -0.069 0"><span class='ocrx_word' id='word_1_112' title='bbox 723 1834 752 1882; x_wconf 88' lang='lat' dir='ltr'>a.</span> 
     </span>
    </p>

    <p class='ocr_par' dir='ltr' id='par_1_6' title="bbox 142 1901 1429 4339">
     <span class='ocr_line' id='line_1_16' title="bbox 231 1901 1337 1991; baseline 0.001 -22"><span class='ocrx_word' id='word_1_113' title='bbox 231 1903 337 1986; x_wconf 81' lang='lat' dir='ltr'>Atque</span> <span class='ocrx_word' id='word_1_114' title='bbox 361 1901 626 1985; x_wconf 76' lang='lat' dir='ltr'>conJunctivi</span> <span class='ocrx_word' id='word_1_115' title='bbox 649 1907 778 1968; x_wconf 85' lang='lat' dir='ltr'>exstant</span> <span class='ocrx_word' id='word_1_116' title='bbox 800 1902 835 1967; x_wconf 92' lang='lat' dir='ltr'>in</span> <span class='ocrx_word' id='word_1_117' title='bbox 856 1902 907 1970; x_wconf 91' lang='lat' dir='ltr'>his</span> <span class='ocrx_word' id='word_1_118' title='bbox 930 1903 1029 1970; x_wconf 88' lang='lat' dir='ltr'>locis:</span> <span class='ocrx_word' id='word_1_119' title='bbox 1054 1903 1229 1991; x_wconf 78' lang='lat' dir='ltr'>(Populus)</span> <span class='ocrx_word' id='word_1_120' title='bbox 1249 1904 1337 1988; x_wconf 77' lang='lat' dir='ltr'>judi·</span> 
     </span>
     <span class='ocr_line' id='line_1_17' title="bbox 142 1989 1337 2075; baseline -0.003 -16"><span class='ocrx_word' id='word_1_121' title='bbox 142 1999 196 2059; x_wconf 91' lang='lat' dir='ltr'>cat</span> <span class='ocrx_word' id='word_1_122' title='bbox 219 2043 226 2057; x_wconf 92' lang='lat'>.</span> <span class='ocrx_word' id='word_1_123' title='bbox 250 2041 257 2056; x_wconf 94' lang='lat'>.</span> <span class='ocrx_word' id='word_1_124' title='bbox 279 2042 286 2056; x_wconf 97' lang='lat'>.</span> <span class='ocrx_word' id='word_1_125' title='bbox 309 2011 393 2072; x_wconf 89' lang='lat' dir='ltr'>eum,</span> <span class='ocrx_word' id='word_1_126' title='bbox 427 1990 498 2072; x_wconf 78' lang='lat' dir='ltr'>qui,</span> <span class='ocrx_word' id='word_1_127' title='bbox 531 2009 600 2054; x_wconf 92' lang='lat' dir='ltr'>cnm</span> <span class='ocrx_word' id='word_1_128' title='bbox 621 1989 700 2054; x_wconf 87' lang='lat' dir='ltr'>iiber</span> <span class='ocrx_word' id='word_1_129' title='bbox 721 1995 816 2069; x_wconf 84' lang='lat' dir='ltr'>esset,</span> <span class='ocrx_word' id='word_1_130' title='bbox 846 1991 966 2055; x_wconf 91' lang='lat' dir='ltr'>censeri</span> <span class='ocrx_word' id='word_1_131' title='bbox 996 1992 1202 2072; x_wconf 85' lang='lat' dir='ltr'>notuerit,</span> <span class='ocrx_word' id='word_1_132' title='bbox 1231 1993 1337 2075; x_wconf 77' lang='lat' dir='ltr'>ipsum</span> 
     </span>
     <span class='ocr_line' id='line_1_18' title="bbox 144 2075 1339 2161; baseline 0 -17"><span class='ocrx_word' id='word_1_133' title='bbox 144 2079 208 2145; x_wconf 90' lang='lat' dir='ltr'>sibi</span> <span class='ocrx_word' id='word_1_134' title='bbox 240 2079 412 2143; x_wconf 79' lang='lat' dir='ltr'>libertatern</span> <span class='ocrx_word' id='word_1_135' title='bbox 447 2076 774 2158; x_wconf 76' lang='lat' dir='ltr'>abiudicuuisse.</span> <span class='ocrx_word' id='word_1_136' title='bbox 821 2075 909 2143; x_wconf 81' lang='lat' dir='ltr'>anc.</span> <span class='ocrx_word' id='word_1_137' title='bbox 941 2081 993 2157; x_wconf 85' lang='grc'><strong><em>34,</em></strong></span> <span class='ocrx_word' id='word_1_138' title='bbox 1014 2082 1065 2145; x_wconf 86' lang='grc'>99.</span> <span class='ocrx_word' id='word_1_139' title='bbox 1111 2079 1166 2144; x_wconf 84' lang='lat' dir='ltr'>En</span> <span class='ocrx_word' id='word_1_140' title='bbox 1199 2100 1259 2161; x_wconf 78' lang='lat' dir='ltr'>qua</span> <span class='ocrx_word' id='word_1_141' title='bbox 1288 2080 1339 2144; x_wconf 93' lang='lat' dir='ltr'>in-</span> 
     </span>
     <span class='ocr_line' id='line_1_19' title="bbox 143 2163 1338 2249; baseline 0 -17"><span class='ocrx_word' id='word_1_142' title='bbox 143 2165 245 2249; x_wconf 81' lang='lat' dir='ltr'>teiiipi</span> <span class='ocrx_word' id='word_1_143' title='bbox 272 2187 339 2246; x_wconf 82' lang='lat' dir='ltr'>par</span> <span class='ocrx_word' id='word_1_144' title='bbox 372 2168 419 2228; x_wconf 89' lang='lat' dir='ltr'>est</span> <span class='ocrx_word' id='word_1_145' title='bbox 450 2183 518 2243; x_wconf 71' lang='lat' dir='ltr'>eui,</span> <span class='ocrx_word' id='word_1_146' title='bbox 548 2163 603 2244; x_wconf 81' lang='lat' dir='ltr'>qni</span> <span class='ocrx_word' id='word_1_147' title='bbox 627 2163 810 2243; x_wconf 80' lang='lat' dir='ltr'>perniciosa</span> <span class='ocrx_word' id='word_1_148' title='bbox 832 2169 862 2228; x_wconf 90' lang='lat' dir='ltr'>et</span> <span class='ocrx_word' id='word_1_149' title='bbox 891 2164 1013 2248; x_wconf 78' lang='lat' dir='ltr'>injusta</span> <span class='ocrx_word' id='word_1_150' title='bbox 1029 2166 1145 2247; x_wconf 81' lang='lat' dir='ltr'>popuii</span> <span class='ocrx_word' id='word_1_151' title='bbox 1159 2168 1258 2249; x_wconf 80' lang='lat' dir='ltr'>jussu</span> <span class='ocrx_word' id='word_1_152' title='bbox 1280 2167 1338 2232; x_wconf 89' lang='lat' dir='ltr'>de·</span> 
     </span>
     <span class='ocr_line' id='line_1_20' title="bbox 144 2250 1339 2338; baseline -0.001 -19"><span class='ocrx_word' id='word_1_153' title='bbox 144 2252 431 2334; x_wconf 76' lang='lat' dir='ltr'>scripserint,</span> <span class='ocrx_word' id='word_1_154' title='bbox 456 2299 462 2314; x_wconf 95' lang='lat'>.</span> <span class='ocrx_word' id='word_1_155' title='bbox 487 2300 495 2314; x_wconf 93' lang='lat'>.</span> <span class='ocrx_word' id='word_1_156' title='bbox 522 2250 677 2332; x_wconf 80' lang='lat' dir='ltr'>.qniduis</span> <span class='ocrx_word' id='word_1_157' title='bbox 700 2251 809 2332; x_wconf 78' lang='lat' dir='ltr'>petius</span> <span class='ocrx_word' id='word_1_158' title='bbox 838 2251 996 2317; x_wconf 80' lang='lat' dir='ltr'>tulisse</span> <span class='ocrx_word' id='word_1_159' title='bbox 1028 2273 1124 2334; x_wconf 77' lang='lat' dir='ltr'>quarn</span> <span class='ocrx_word' id='word_1_160' title='bbox 1153 2253 1244 2336; x_wconf 79' lang='lat' dir='ltr'>depes.</span> <span class='ocrx_word' id='word_1_161' title='bbox 1282 2254 1339 2338; x_wconf 79' lang='lat' dir='ltr'>dep.</span> 
     </span>
     <span class='ocr_line' id='line_1_21' title="bbox 145 2336 1339 2424; baseline 0 -18"><span class='ocrx_word' id='word_1_162' title='bbox 145 2341 191 2424; x_wconf 84' lang='lat' dir='ltr'>H,</span> <span class='ocrx_word' id='word_1_163' title='bbox 214 2343 242 2419; x_wconf 90' lang='lat'>5,</span> <span class='ocrx_word' id='word_1_164' title='bbox 265 2343 316 2404; x_wconf 88' lang='lat'>11.</span> <span class='ocrx_word' id='word_1_165' title='bbox 367 2337 477 2404; x_wconf 85' lang='lat' dir='ltr'>Verius</span> <span class='ocrx_word' id='word_1_166' title='bbox 500 2343 547 2402; x_wconf 88' lang='lat' dir='ltr'>est</span> <span class='ocrx_word' id='word_1_167' title='bbox 576 2336 729 2402; x_wconf 88' lang='lat' dir='ltr'>nimirum</span> <span class='ocrx_word' id='word_1_168' title='bbox 751 2337 833 2403; x_wconf 83' lang='lat' dir='ltr'>iilud</span> <span class='ocrx_word' id='word_1_169' title='bbox 855 2384 863 2400; x_wconf 83' lang='lat'>.</span> <span class='ocrx_word' id='word_1_170' title='bbox 888 2388 895 2403; x_wconf 93' lang='lat'>.</span> <span class='ocrx_word' id='word_1_171' title='bbox 919 2387 943 2418; x_wconf 91' lang='lat'>.,</span> <span class='ocrx_word' id='word_1_172' title='bbox 973 2359 1052 2421; x_wconf 78' lang='lat' dir='ltr'>quae</span> <span class='ocrx_word' id='word_1_173' title='bbox 1073 2341 1104 2404; x_wconf 90' lang='lat' dir='ltr'>is</span> <span class='ocrx_word' id='word_1_174' title='bbox 1127 2339 1166 2405; x_wconf 92' lang='lat' dir='ltr'>de</span> <span class='ocrx_word' id='word_1_175' title='bbox 1188 2341 1256 2406; x_wconf 87' lang='lat' dir='ltr'>deis</span> <span class='ocrx_word' id='word_1_176' title='bbox 1278 2341 1339 2406; x_wconf 88' lang='lat' dir='ltr'>im·</span> 
     </span>
     <span class='ocr_line' id='line_1_22' title="bbox 143 2423 1339 2509; baseline 0 -17"><span class='ocrx_word' id='word_1_177' title='bbox 143 2426 330 2493; x_wconf 77' lang='lat' dir='ltr'>mortalibus</span> <span class='ocrx_word' id='word_1_178' title='bbox 358 2423 530 2502; x_wconf 80' lang='lat' dir='ltr'>dicerit,</span> <span class='ocrx_word' id='word_1_179' title='bbox 562 2424 703 2490; x_wconf 88' lang='lat' dir='ltr'>inuidiae</span> <span class='ocrx_word' id='word_1_180' title='bbox 730 2425 929 2490; x_wconf 77' lang='lat' dir='ltr'>detestandae</span> <span class='ocrx_word' id='word_1_181' title='bbox 948 2430 1058 2509; x_wconf 77' lang='lat' dir='ltr'>pratia</span> <span class='ocrx_word' id='word_1_182' title='bbox 1081 2426 1255 2493; x_wconf 83' lang='lat' dir='ltr'>diruisse.</span> <span class='ocrx_word' id='word_1_183' title='bbox 1289 2428 1339 2492; x_wconf 91' lang='lat' dir='ltr'>de.</span> 
     </span>
     <span class='ocr_line' id='line_1_23' title="bbox 144 2509 1340 2597; baseline -0.001 -17"><span class='ocrx_word' id='word_1_184' title='bbox 144 2520 213 2580; x_wconf 91' lang='lat' dir='ltr'>nat.</span> <span class='ocrx_word' id='word_1_185' title='bbox 236 2513 266 2596; x_wconf 90' lang='lat' dir='ltr'>I,</span> <span class='ocrx_word' id='word_1_186' title='bbox 289 2515 438 2594; x_wconf 72' lang='lat'>44,123.</span> <span class='ocrx_word' id='word_1_187' title='bbox 489 2509 685 2576; x_wconf 90' lang='lat' dir='ltr'>Dubitumus</span> <span class='ocrx_word' id='word_1_188' title='bbox 709 2562 716 2577; x_wconf 98' lang='lat'>.</span> <span class='ocrx_word' id='word_1_189' title='bbox 742 2560 781 2576; x_wconf 99' lang='lat'>..</span> <span class='ocrx_word' id='word_1_190' title='bbox 813 2513 868 2594; x_wconf 77' lang='lat' dir='ltr'>qui</span> <span class='ocrx_word' id='word_1_191' title='bbox 899 2513 957 2578; x_wconf 86' lang='lat' dir='ltr'>bac</span> <span class='ocrx_word' id='word_1_192' title='bbox 990 2514 1106 2578; x_wconf 89' lang='lat' dir='ltr'>uirtute</span> <span class='ocrx_word' id='word_1_193' title='bbox 1140 2515 1340 2597; x_wconf 87' lang='lat' dir='ltr'>caruerit,</span> 
     </span>
     <span class='ocr_line' id='line_1_24' title="bbox 144 2597 1339 2684; baseline -0.003 -16"><span class='ocrx_word' id='word_1_194' title='bbox 144 2603 181 2668; x_wconf 87' lang='lat' dir='ltr'>id</span> <span class='ocrx_word' id='word_1_195' title='bbox 203 2601 241 2681; x_wconf 86' lang='lat' dir='ltr'>ei,</span> <span class='ocrx_word' id='word_1_196' title='bbox 265 2599 347 2682; x_wconf 78' lang='lat' dir='ltr'>quod</span> <span class='ocrx_word' id='word_1_197' title='bbox 367 2597 540 2662; x_wconf 79' lang='lat' dir='ltr'>inanimum</span> <span class='ocrx_word' id='word_1_198' title='bbox 560 2599 672 2682; x_wconf 85' lang='lat' dir='ltr'>fuerit,</span> <span class='ocrx_word' id='word_1_199' title='bbox 694 2598 912 2679; x_wconf 78' lang='lat' dir='ltr'>defuisse?</span> <span class='ocrx_word' id='word_1_200' title='bbox 935 2599 1033 2665; x_wconf 82' lang='lat' dir='ltr'>Brut.</span> <span class='ocrx_word' id='word_1_201' title='bbox 1055 2603 1108 2684; x_wconf 86' lang='grc'>80,</span> <span class='ocrx_word' id='word_1_202' title='bbox 1130 2603 1204 2666; x_wconf 79' lang='grc'><strong><em>279.</em></strong></span> <span class='ocrx_word' id='word_1_203' title='bbox 1242 2600 1339 2681; x_wconf 76' lang='lat' dir='ltr'>Quem</span> 
     </span>
     <span class='ocr_line' id='line_1_25' title="bbox 145 2685 1256 2770; baseline -0.001 -16"><span class='ocrx_word' id='word_1_204' title='bbox 145 2689 229 2755; x_wconf 88' lang='lat' dir='ltr'>enim</span> <span class='ocrx_word' id='word_1_205' title='bbox 263 2687 410 2752; x_wconf 87' lang='lat' dir='ltr'>ardorem</span> <span class='ocrx_word' id='word_1_206' title='bbox 441 2685 542 2750; x_wconf 89' lang='lat' dir='ltr'>studii</span> <span class='ocrx_word' id='word_1_207' title='bbox 577 2686 710 2751; x_wconf 89' lang='lat' dir='ltr'>censetis</span> <span class='ocrx_word' id='word_1_208' title='bbox 740 2686 875 2767; x_wconf 77' lang='lat' dir='ltr'>fnisse</span> <span class='ocrx_word' id='word_1_209' title='bbox 904 2687 941 2750; x_wconf 89' lang='lat' dir='ltr'>in</span> <span class='ocrx_word' id='word_1_210' title='bbox 962 2685 1166 2767; x_wconf 72' lang='lat' dir='ltr'>Archimede,</span> <span class='ocrx_word' id='word_1_211' title='bbox 1201 2689 1256 2770; x_wconf 79' lang='lat' dir='ltr'>qui</span> 
     </span>
     <span class='ocr_line' id='line_1_26' title="bbox 150 2771 1339 2859; baseline -0.003 -18"><span class='ocrx_word' id='word_1_212' title='bbox 150 2797 191 2841; x_wconf 90' lang='lat' dir='ltr'>ne</span> <span class='ocrx_word' id='word_1_213' title='bbox 220 2775 361 2856; x_wconf 86' lang='lat' dir='ltr'>patriam</span> <span class='ocrx_word' id='word_1_214' title='bbox 395 2771 520 2853; x_wconf 76' lang='lat' dir='ltr'>quidem</span> <span class='ocrx_word' id='word_1_215' title='bbox 551 2779 675 2853; x_wconf 86' lang='lat' dir='ltr'>captam</span> <span class='ocrx_word' id='word_1_216' title='bbox 710 2792 775 2837; x_wconf 86' lang='lat' dir='ltr'>esse</span> <span class='ocrx_word' id='word_1_217' title='bbox 806 2774 1006 2837; x_wconf 88' lang='lat' dir='ltr'>senserit.</span> <span class='ocrx_word' id='word_1_218' title='bbox 1048 2774 1105 2855; x_wconf 71' lang='lat' dir='ltr'>fin.</span> <span class='ocrx_word' id='word_1_219' title='bbox 1143 2774 1184 2857; x_wconf 88' lang='lat' dir='ltr'>V,</span> <span class='ocrx_word' id='word_1_220' title='bbox 1207 2779 1266 2859; x_wconf 88' lang='lat'>19,</span> <span class='ocrx_word' id='word_1_221' title='bbox 1289 2777 1339 2840; x_wconf 83' lang='lat'>50.</span> 
     </span>
     <span class='ocr_line' id='line_1_27' title="bbox 145 2859 1339 2938; baseline 0 -11"><span class='ocrx_word' id='word_1_222' title='bbox 145 2861 307 2928; x_wconf 76' lang='lat' dir='ltr'>Existimo</span> <span class='ocrx_word' id='word_1_223' title='bbox 341 2859 552 2938; x_wconf 78' lang='lat' dir='ltr'>Panaetium,</span> <span class='ocrx_word' id='word_1_224' title='bbox 591 2879 660 2924; x_wconf 92' lang='lat' dir='ltr'>cum</span> <span class='ocrx_word' id='word_1_225' title='bbox 697 2859 839 2925; x_wconf 80' lang='lat' dir='ltr'>dixeri</span> <span class='ocrx_word' id='word_1_226' title='bbox 847 2864 860 2922; x_wconf 91' lang='lat' dir='ltr'>t</span> <span class='ocrx_word' id='word_1_227' title='bbox 892 2859 1033 2925; x_wconf 82' lang='lat' dir='ltr'>domines</span> <span class='ocrx_word' id='word_1_228' title='bbox 1070 2861 1170 2926; x_wconf 88' lang='lat' dir='ltr'>sciere</span> <span class='ocrx_word' id='word_1_229' title='bbox 1205 2861 1241 2926; x_wconf 94' lang='lat' dir='ltr'>in</span> <span class='ocrx_word' id='word_1_230' title='bbox 1278 2861 1339 2927; x_wconf 85' lang='lat' dir='ltr'>bac</span> 
     </span>
     <span class='ocr_line' id='line_1_28' title="bbox 147 2945 1339 3032; baseline -0.003 -16"><span class='ocrx_word' id='word_1_231' title='bbox 147 2948 379 3031; x_wconf 78' lang='lat' dir='ltr'>comparatione</span> <span class='ocrx_word' id='word_1_232' title='bbox 406 2945 571 3024; x_wconf 86' lang='lat' dir='ltr'>dubitare,</span> <span class='ocrx_word' id='word_1_233' title='bbox 598 2946 655 3011; x_wconf 87' lang='lat' dir='ltr'>boc</span> <span class='ocrx_word' id='word_1_234' title='bbox 676 2947 781 3027; x_wconf 87' lang='lat' dir='ltr'>ipsum</span> <span class='ocrx_word' id='word_1_235' title='bbox 811 2948 1019 3027; x_wconf 85' lang='lat' dir='ltr'>sensisse,</span> <span class='ocrx_word' id='word_1_236' title='bbox 1051 2949 1132 3032; x_wconf 80' lang='lat' dir='ltr'>qnod</span> <span class='ocrx_word' id='word_1_237' title='bbox 1155 2947 1291 3031; x_wconf 78' lang='lat' dir='ltr'>diruit,</span> <span class='ocrx_word' id='word_1_238' title='bbox 1313 2969 1339 3013; x_wconf 88' lang='lat' dir='ltr'>c.</span> 
     </span>
     <span class='ocr_line' id='line_1_29' title="bbox 147 3031 1339 3120; baseline -0.001 -18"><span class='ocrx_word' id='word_1_239' title='bbox 147 3059 176 3120; x_wconf 78' lang='lat' dir='ltr'>p.</span> <span class='ocrx_word' id='word_1_240' title='bbox 196 3057 222 3102; x_wconf 89' lang='lat' dir='ltr'>s.</span> <span class='ocrx_word' id='word_1_241' title='bbox 245 3036 296 3117; x_wconf 80' lang='lat' dir='ltr'>aff.</span> <span class='ocrx_word' id='word_1_242' title='bbox 318 3033 393 3118; x_wconf 90' lang='grc' dir='ltr'><strong><em>ΙΙΙ,</em></strong></span> <span class='ocrx_word' id='word_1_243' title='bbox 416 3037 447 3113; x_wconf 94' lang='grc'><strong><em>4,</em></strong></span> <span class='ocrx_word' id='word_1_244' title='bbox 470 3037 523 3098; x_wconf 87' lang='grc'>18.</span> <span class='ocrx_word' id='word_1_245' title='bbox 569 3031 649 3098; x_wconf 79' lang='lat' dir='ltr'>Cum</span> <span class='ocrx_word' id='word_1_246' title='bbox 670 3034 737 3098; x_wconf 89' lang='lat' dir='ltr'>sint</span> <span class='ocrx_word' id='word_1_247' title='bbox 757 3033 916 3111; x_wconf 83' lang='lat' dir='ltr'>domines,</span> <span class='ocrx_word' id='word_1_248' title='bbox 949 3036 1005 3116; x_wconf 80' lang='lat' dir='ltr'>qui</span> <span class='ocrx_word' id='word_1_249' title='bbox 1026 3035 1134 3112; x_wconf 84' lang='lat' dir='ltr'>idum,</span> <span class='ocrx_word' id='word_1_250' title='bbox 1160 3056 1231 3100; x_wconf 91' lang='lat' dir='ltr'>cum</span> <span class='ocrx_word' id='word_1_251' title='bbox 1247 3056 1339 3117; x_wconf 81' lang='lat' dir='ltr'>pro·</span> 
     </span>
     <span class='ocr_line' id='line_1_30' title="bbox 143 3120 1339 3207; baseline -0.002 -17"><span class='ocrx_word' id='word_1_252' title='bbox 143 3127 287 3207; x_wconf 82' lang='lat' dir='ltr'>fectus</span> <span class='ocrx_word' id='word_1_253' title='bbox 321 3121 390 3200; x_wconf 90' lang='lat' dir='ltr'>sit,</span> <span class='ocrx_word' id='word_1_254' title='bbox 423 3120 595 3202; x_wconf 75' lang='lat' dir='ltr'>eiectum</span> <span class='ocrx_word' id='word_1_255' title='bbox 626 3140 714 3186; x_wconf 88' lang='lat' dir='ltr'>esse</span> <span class='ocrx_word' id='word_1_256' title='bbox 736 3121 845 3186; x_wconf 91' lang='lat' dir='ltr'>dicant</span> <span class='ocrx_word' id='word_1_257' title='bbox 868 3170 875 3184; x_wconf 90' lang='lat'>.</span> <span class='ocrx_word' id='word_1_258' title='bbox 901 3169 907 3182; x_wconf 93' lang='lat'>.</span> <span class='ocrx_word' id='word_1_259' title='bbox 932 3171 939 3187; x_wconf 92' lang='lat'>.</span> <span class='ocrx_word' id='word_1_260' title='bbox 965 3121 1033 3187; x_wconf 79' lang='lat' dir='ltr'>Cat.</span> <span class='ocrx_word' id='word_1_261' title='bbox 1050 3123 1102 3203; x_wconf 89' lang='grc' dir='ltr'>ΙΙ,</span> <span class='ocrx_word' id='word_1_262' title='bbox 1124 3124 1154 3205; x_wconf 79' lang='lat'>7,</span> <span class='ocrx_word' id='word_1_263' title='bbox 1175 3126 1226 3188; x_wconf 86' lang='lat'>15.</span> <span class='ocrx_word' id='word_1_264' title='bbox 1261 3123 1339 3188; x_wconf 87' lang='lat' dir='ltr'>Nisi</span> 
     </span>
     <span class='ocr_line' id='line_1_31' title="bbox 144 3205 1340 3294; baseline -0.003 -17"><span class='ocrx_word' id='word_1_265' title='bbox 144 3215 229 3294; x_wconf 79' lang='lat' dir='ltr'>forte</span> <span class='ocrx_word' id='word_1_266' title='bbox 268 3228 372 3274; x_wconf 89' lang='lat' dir='ltr'>censes</span> <span class='ocrx_word' id='word_1_267' title='bbox 418 3207 468 3272; x_wconf 81' lang='lat' dir='ltr'>Ti.</span> <span class='ocrx_word' id='word_1_268' title='bbox 504 3205 680 3273; x_wconf 76' lang='lat' dir='ltr'>Gracchum</span> <span class='ocrx_word' id='word_1_269' title='bbox 714 3213 841 3288; x_wconf 82' lang='lat' dir='ltr'>patrem</span> <span class='ocrx_word' id='word_1_270' title='bbox 883 3228 950 3273; x_wconf 89' lang='lat' dir='ltr'>non</span> <span class='ocrx_word' id='word_1_271' title='bbox 994 3209 1161 3276; x_wconf 83' lang='lat' dir='ltr'>beatiorem</span> <span class='ocrx_word' id='word_1_272' title='bbox 1195 3210 1340 3292; x_wconf 81' lang='lat' dir='ltr'>fuisse</span> 
     </span>
     <span class='ocr_line' id='line_1_32' title="bbox 146 3293 1338 3382; baseline -0.003 -18"><span class='ocrx_word' id='word_1_273' title='bbox 146 3319 242 3382; x_wconf 78' lang='lat' dir='ltr'>quarn</span> <span class='ocrx_word' id='word_1_274' title='bbox 269 3295 390 3378; x_wconf 74' lang='lat' dir='ltr'>sitium,</span> <span class='ocrx_word' id='word_1_275' title='bbox 424 3314 492 3360; x_wconf 86' lang='lat' dir='ltr'>cunr</span> <span class='ocrx_word' id='word_1_276' title='bbox 525 3293 605 3359; x_wconf 83' lang='lat' dir='ltr'>ubter</span> <span class='ocrx_word' id='word_1_277' title='bbox 639 3294 784 3360; x_wconf 79' lang='lat' dir='ltr'>stabilire</span> <span class='ocrx_word' id='word_1_278' title='bbox 815 3315 880 3360; x_wconf 91' lang='lat' dir='ltr'>rem</span> <span class='ocrx_word' id='word_1_279' title='bbox 909 3295 1072 3375; x_wconf 81' lang='lat' dir='ltr'>pubiicum</span> <span class='ocrx_word' id='word_1_280' title='bbox 1105 3297 1338 3380; x_wconf 87' lang='lat' dir='ltr'>studuerit,</span> 
     </span>
     <span class='ocr_line' id='line_1_33' title="bbox 146 3380 1337 3464; baseline -0.003 -13"><span class='ocrx_word' id='word_1_281' title='bbox 146 3386 230 3451; x_wconf 87' lang='lat' dir='ltr'>aiter</span> <span class='ocrx_word' id='word_1_282' title='bbox 262 3389 403 3448; x_wconf 75' lang='lat' dir='ltr'>evanue.</span> <span class='ocrx_word' id='word_1_283' title='bbox 445 3382 502 3463; x_wconf 79' lang='lat' dir='ltr'>piu.</span> <span class='ocrx_word' id='word_1_284' title='bbox 537 3380 604 3461; x_wconf 85' lang='lat' dir='ltr'>IV,</span> <span class='ocrx_word' id='word_1_285' title='bbox 627 3386 692 3464; x_wconf 81' lang='lat'>24,</span> <span class='ocrx_word' id='word_1_286' title='bbox 714 3384 765 3449; x_wconf 79' lang='lat'>65.</span> <span class='ocrx_word' id='word_1_287' title='bbox 810 3382 970 3464; x_wconf 81' lang='lat' dir='ltr'>Mapnnm</span> <span class='ocrx_word' id='word_1_288' title='bbox 1002 3389 1032 3448; x_wconf 91' lang='lat' dir='ltr'>te</span> <span class='ocrx_word' id='word_1_289' title='bbox 1060 3383 1219 3464; x_wconf 85' lang='lat' dir='ltr'>fecisse</span> <span class='ocrx_word' id='word_1_290' title='bbox 1252 3383 1337 3447; x_wconf 91' lang='lat' dir='ltr'>arbi·</span> 
     </span>
     <span class='ocr_line' id='line_1_34' title="bbox 146 3469 1337 3550; baseline -0.002 -13"><span class='ocrx_word' id='word_1_291' title='bbox 146 3480 252 3548; x_wconf 86' lang='lat' dir='ltr'>trare,</span> <span class='ocrx_word' id='word_1_292' title='bbox 292 3470 322 3534; x_wconf 92' lang='lat' dir='ltr'>si</span> <span class='ocrx_word' id='word_1_293' title='bbox 353 3469 463 3550; x_wconf 78' lang='lat' dir='ltr'>pluris</span> <span class='ocrx_word' id='word_1_294' title='bbox 503 3469 759 3535; x_wconf 81' lang='lat' dir='ltr'>vendideris</span> <span class='ocrx_word' id='word_1_295' title='bbox 800 3488 894 3549; x_wconf 76' lang='lat' dir='ltr'>quam</span> <span class='ocrx_word' id='word_1_296' title='bbox 925 3469 965 3532; x_wconf 89' lang='lat' dir='ltr'>L.</span> <span class='ocrx_word' id='word_1_297' title='bbox 1000 3470 1200 3536; x_wconf 87' lang='lat' dir='ltr'>Hortensius.</span> <span class='ocrx_word' id='word_1_298' title='bbox 1249 3469 1337 3535; x_wconf 89' lang='lat' dir='ltr'>Verr.</span> 
     </span>
     <span class='ocr_line' id='line_1_35' title="bbox 146 3555 1338 3643; baseline -0.003 -19"><span class='ocrx_word' id='word_1_299' title='bbox 146 3559 215 3624; x_wconf 86' lang='lat'>111</span> <span class='ocrx_word' id='word_1_300' title='bbox 218 3609 227 3643; x_wconf 88' lang='lat'>,</span> <span class='ocrx_word' id='word_1_301' title='bbox 250 3560 300 3637; x_wconf 88' lang='grc'>16,</span> <span class='ocrx_word' id='word_1_302' title='bbox 324 3558 379 3622; x_wconf 81' lang='grc'><strong><em>42.</em></strong></span> <span class='ocrx_word' id='word_1_303' title='bbox 425 3555 637 3636; x_wconf 81' lang='lat' dir='ltr'>Perspicuum</span> <span class='ocrx_word' id='word_1_304' title='bbox 661 3556 801 3636; x_wconf 74' lang='lat' dir='ltr'>prefecto</span> <span class='ocrx_word' id='word_1_305' title='bbox 833 3561 893 3637; x_wconf 90' lang='lat' dir='ltr'>est,</span> <span class='ocrx_word' id='word_1_306' title='bbox 925 3555 955 3619; x_wconf 86' lang='lat' dir='ltr'>si</span> <span class='ocrx_word' id='word_1_307' title='bbox 985 3577 1082 3639; x_wconf 85' lang='lat' dir='ltr'>neque</span> <span class='ocrx_word' id='word_1_308' title='bbox 1112 3576 1221 3621; x_wconf 87' lang='lat' dir='ltr'>amens</span> <span class='ocrx_word' id='word_1_309' title='bbox 1242 3561 1338 3638; x_wconf 82' lang='lat' dir='ltr'>pater·</span> 
     </span>
     <span class='ocr_line' id='line_1_36' title="bbox 148 3642 1338 3727; baseline -0.003 -16"><span class='ocrx_word' id='word_1_310' title='bbox 148 3665 245 3727; x_wconf 78' lang='lat' dir='ltr'>neque</span> <span class='ocrx_word' id='word_1_311' title='bbox 282 3643 432 3725; x_wconf 81' lang='lat' dir='ltr'>perditus</span> <span class='ocrx_word' id='word_1_312' title='bbox 473 3643 564 3724; x_wconf 78' lang='lat' dir='ltr'>pilius</span> <span class='ocrx_word' id='word_1_313' title='bbox 604 3642 767 3724; x_wconf 77' lang='lat' dir='ltr'>fuerit,</span> <span class='ocrx_word' id='word_1_314' title='bbox 813 3662 909 3723; x_wconf 78' lang='lat' dir='ltr'>neque</span> <span class='ocrx_word' id='word_1_315' title='bbox 953 3643 1019 3707; x_wconf 90' lang='lat' dir='ltr'>edii</span> <span class='ocrx_word' id='word_1_316' title='bbox 1070 3664 1198 3711; x_wconf 91' lang='lat' dir='ltr'>causum</span> <span class='ocrx_word' id='word_1_317' title='bbox 1246 3645 1338 3724; x_wconf 80' lang='lat' dir='ltr'>patri</span> 
     </span>
     <span class='ocr_line' id='line_1_37' title="bbox 147 3727 1337 3814; baseline -0.002 -16"><span class='ocrx_word' id='word_1_318' title='bbox 147 3751 246 3814; x_wconf 77' lang='lat' dir='ltr'>neque</span> <span class='ocrx_word' id='word_1_319' title='bbox 296 3730 422 3796; x_wconf 79' lang='lat' dir='ltr'>sceleris</span> <span class='ocrx_word' id='word_1_320' title='bbox 465 3729 533 3810; x_wconf 74' lang='lat' dir='ltr'>pitia</span> <span class='ocrx_word' id='word_1_321' title='bbox 574 3729 722 3811; x_wconf 83' lang='lat' dir='ltr'>fuisse.</span> <span class='ocrx_word' id='word_1_322' title='bbox 785 3727 880 3794; x_wconf 85' lang='lat' dir='ltr'>Rosa.</span> <span class='ocrx_word' id='word_1_323' title='bbox 919 3729 994 3795; x_wconf 87' lang='lat' dir='ltr'>Am.</span> <span class='ocrx_word' id='word_1_324' title='bbox 1037 3735 1092 3811; x_wconf 90' lang='grc'>14,</span> <span class='ocrx_word' id='word_1_325' title='bbox 1127 3733 1177 3796; x_wconf 90' lang='grc'>41.</span> <span class='ocrx_word' id='word_1_326' title='bbox 1232 3731 1269 3798; x_wconf 79' lang='lat' dir='ltr'>Si</span> <span class='ocrx_word' id='word_1_327' title='bbox 1303 3736 1337 3797; x_wconf 89' lang='lat' dir='ltr'>tu</span> 
     </span>
     <span class='ocr_line' id='line_1_38' title="bbox 150 3816 1338 3899; baseline -0.002 -15"><span class='ocrx_word' id='word_1_328' title='bbox 150 3817 373 3884; x_wconf 83' lang='lat' dir='ltr'>absolutus</span> <span class='ocrx_word' id='word_1_329' title='bbox 414 3817 489 3898; x_wconf 89' lang='lat' dir='ltr'>sis,</span> <span class='ocrx_word' id='word_1_330' title='bbox 524 3816 675 3899; x_wconf 78' lang='lat' dir='ltr'>funditus</span> <span class='ocrx_word' id='word_1_331' title='bbox 717 3835 888 3882; x_wconf 88' lang='lat' dir='ltr'>euersas</span> <span class='ocrx_word' id='word_1_332' title='bbox 924 3834 958 3880; x_wconf 90' lang='lat' dir='ltr'>se</span> <span class='ocrx_word' id='word_1_333' title='bbox 995 3837 1082 3883; x_wconf 90' lang='lat' dir='ltr'>csse</span> <span class='ocrx_word' id='word_1_334' title='bbox 1127 3817 1338 3882; x_wconf 83' lang='lat' dir='ltr'>arbitrantur.</span> 
     </span>
     <span class='ocr_line' id='line_1_39' title="bbox 154 3903 1429 3988; baseline -0.002 -16"><span class='ocrx_word' id='word_1_335' title='bbox 154 3908 242 3972; x_wconf 87' lang='lat' dir='ltr'>Verr.</span> <span class='ocrx_word' id='word_1_336' title='bbox 264 3904 305 3970; x_wconf 84' lang='lat' dir='ltr'>Il</span> <span class='ocrx_word' id='word_1_337' title='bbox 309 3955 317 3988; x_wconf 94' lang='lat'>,</span> <span class='ocrx_word' id='word_1_338' title='bbox 337 3906 382 3968; x_wconf 85' lang='lat'>47</span> <span class='ocrx_word' id='word_1_339' title='bbox 389 3953 397 3986; x_wconf 91' lang='lat'>,</span> <span class='ocrx_word' id='word_1_340' title='bbox 421 3906 491 3968; x_wconf 83' lang='grc'><strong><em>115.</em></strong></span> <span class='ocrx_word' id='word_1_341' title='bbox 537 3903 685 3970; x_wconf 81' lang='lat' dir='ltr'>Scribant</span> <span class='ocrx_word' id='word_1_342' title='bbox 714 3903 758 3968; x_wconf 87' lang='lat' dir='ltr'>nd</span> <span class='ocrx_word' id='word_1_343' title='bbox 784 3922 832 3968; x_wconf 90' lang='lat' dir='ltr'>me</span> <span class='ocrx_word' id='word_1_344' title='bbox 860 3903 955 3968; x_wconf 90' lang='lat' dir='ltr'>amici</span> <span class='ocrx_word' id='word_1_345' title='bbox 986 3904 1054 3988; x_wconf 78' lang='lat' dir='ltr'>ejus</span> <span class='ocrx_word' id='word_1_346' title='bbox 1085 3926 1132 3969; x_wconf 91' lang='lat' dir='ltr'>me</span> <span class='ocrx_word' id='word_1_347' title='bbox 1164 3905 1215 3970; x_wconf 85' lang='lat' dir='ltr'>itii</span> <span class='ocrx_word' id='word_1_348' title='bbox 1248 3905 1337 3970; x_wconf 84' lang='lat' dir='ltr'>nulio</span> <span class='ocrx_word' id='word_1_349' title='bbox 1426 3954 1429 3959; x_wconf 85' lang='lat'>.</span> 
     </span>
     <span class='ocr_line' id='line_1_40' title="bbox 149 3989 1337 4073; baseline -0.002 -15"><span class='ocrx_word' id='word_1_350' title='bbox 149 3993 240 4059; x_wconf 88' lang='lat' dir='ltr'>mado</span> <span class='ocrx_word' id='word_1_351' title='bbox 271 3993 353 4057; x_wconf 87' lang='lat' dir='ltr'>sutis</span> <span class='ocrx_word' id='word_1_352' title='bbox 384 3991 555 4073; x_wconf 82' lang='lat' dir='ltr'>fecisse,</span> <span class='ocrx_word' id='word_1_353' title='bbox 584 3991 665 4072; x_wconf 81' lang='lat' dir='ltr'>qnod</span> <span class='ocrx_word' id='word_1_354' title='bbox 693 3991 729 4055; x_wconf 89' lang='lat' dir='ltr'>iu</span> <span class='ocrx_word' id='word_1_355' title='bbox 760 3995 906 4056; x_wconf 88' lang='lat' dir='ltr'>senatum</span> <span class='ocrx_word' id='word_1_356' title='bbox 934 4009 999 4056; x_wconf 92' lang='lat' dir='ltr'>non</span> <span class='ocrx_word' id='word_1_357' title='bbox 1028 3992 1217 4057; x_wconf 85' lang='lat' dir='ltr'>nemerim.</span> <span class='ocrx_word' id='word_1_358' title='bbox 1267 3989 1337 4056; x_wconf 82' lang='lat' dir='ltr'>Arc.</span> 
     </span>
     <span class='ocr_line' id='line_1_41' title="bbox 151 4078 1334 4164; baseline -0.003 -19"><span class='ocrx_word' id='word_1_359' title='bbox 151 4081 195 4164; x_wconf 89' lang='lat' dir='ltr'>X,</span> <span class='ocrx_word' id='word_1_360' title='bbox 217 4083 249 4159; x_wconf 85' lang='lat'>8,</span> <span class='ocrx_word' id='word_1_361' title='bbox 272 4084 303 4144; x_wconf 91' lang='grc'>3.</span> <span class='ocrx_word' id='word_1_362' title='bbox 348 4078 390 4143; x_wconf 85' lang='grc'><strong><em>14</em></strong></span> <span class='ocrx_word' id='word_1_363' title='bbox 412 4098 433 4142; x_wconf 87' lang='lat' dir='ltr'>a</span> <span class='ocrx_word' id='word_1_364' title='bbox 454 4097 502 4141; x_wconf 91' lang='lat' dir='ltr'>me</span> <span class='ocrx_word' id='word_1_365' title='bbox 523 4084 607 4142; x_wconf 90' lang='lat' dir='ltr'>recte</span> <span class='ocrx_word' id='word_1_366' title='bbox 626 4079 789 4158; x_wconf 80' lang='lat' dir='ltr'>factum</span> <span class='ocrx_word' id='word_1_367' title='bbox 814 4083 910 4159; x_wconf 82' lang='lat' dir='ltr'>pute,</span> <span class='ocrx_word' id='word_1_368' title='bbox 941 4079 1024 4160; x_wconf 79' lang='lat' dir='ltr'>qued</span> <span class='ocrx_word' id='word_1_369' title='bbox 1051 4099 1118 4144; x_wconf 92' lang='lat' dir='ltr'>non</span> <span class='ocrx_word' id='word_1_370' title='bbox 1145 4079 1254 4143; x_wconf 90' lang='lat' dir='ltr'>statim</span> <span class='ocrx_word' id='word_1_371' title='bbox 1277 4129 1284 4142; x_wconf 92' lang='lat'>.</span> <span class='ocrx_word' id='word_1_372' title='bbox 1304 4127 1334 4141; x_wconf 89' lang='lat'>..</span> 
     </span>
     <span class='ocr_line' id='line_1_42' title="bbox 148 4163 1335 4248; baseline -0.003 -15"><span class='ocrx_word' id='word_1_373' title='bbox 148 4169 273 4234; x_wconf 73' lang='lat' dir='ltr'>litteras</span> <span class='ocrx_word' id='word_1_374' title='bbox 305 4164 501 4230; x_wconf 90' lang='lat' dir='ltr'>miserim.</span> <span class='ocrx_word' id='word_1_375' title='bbox 540 4166 618 4245; x_wconf 80' lang='lat' dir='ltr'>fam.</span> <span class='ocrx_word' id='word_1_376' title='bbox 654 4163 733 4239; x_wconf 89' lang='grc' dir='ltr'><strong><em>ΙΙΙ,</em></strong></span> <span class='ocrx_word' id='word_1_377' title='bbox 756 4169 794 4248; x_wconf 87' lang='lat'>9,</span> <span class='ocrx_word' id='word_1_378' title='bbox 815 4168 846 4228; x_wconf 88' lang='grc'><strong><em>4.</em></strong></span> <span class='ocrx_word' id='word_1_379' title='bbox 891 4163 1118 4231; x_wconf 90' lang='lat' dir='ltr'>Insanisse</span> <span class='ocrx_word' id='word_1_380' title='bbox 1146 4185 1179 4230; x_wconf 90' lang='lat' dir='ltr'>se</span> <span class='ocrx_word' id='word_1_381' title='bbox 1212 4166 1335 4247; x_wconf 77' lang='lat' dir='ltr'>corepitc·</span> 
     </span>
     <span class='ocr_line' id='line_1_43' title="bbox 147 4251 1333 4339; baseline -0.003 -19"><span class='ocrx_word' id='word_1_382' title='bbox 147 4261 220 4339; x_wconf 87' lang='lat' dir='ltr'>tur,</span> <span class='ocrx_word' id='word_1_383' title='bbox 254 4252 336 4336; x_wconf 76' lang='lat' dir='ltr'>quod</span> <span class='ocrx_word' id='word_1_384' title='bbox 364 4271 472 4329; x_wconf 88' lang='lat' dir='ltr'>snam,</span> <span class='ocrx_word' id='word_1_385' title='bbox 503 4251 586 4333; x_wconf 78' lang='lat' dir='ltr'>quad</span> <span class='ocrx_word' id='word_1_386' title='bbox 618 4251 787 4316; x_wconf 90' lang='lat' dir='ltr'>amicorum</span> <span class='ocrx_word' id='word_1_387' title='bbox 809 4252 980 4333; x_wconf 81' lang='lat' dir='ltr'>pecuniam</span> <span class='ocrx_word' id='word_1_388' title='bbox 999 4253 1068 4336; x_wconf 76' lang='lat' dir='ltr'>repi</span> <span class='ocrx_word' id='word_1_389' title='bbox 1099 4252 1333 4319; x_wconf 87' lang='lat' dir='ltr'>crediderit.</span> 
     </span>
    </p>
   </div>
   <div class='ocr_carea' id='block_1_5' title="bbox 1046 4358 1093 4423">
    <p class='ocr_par' dir='ltr' id='par_1_7' title="bbox 1046 4358 1093 4423">
     <span class='ocr_line' id='line_1_44' title="bbox 1046 4358 1093 4423; baseline 0 -26"><span class='ocrx_word' id='word_1_390' title='bbox 1046 4358 1093 4423; x_wconf 75' lang='lat'>7*</span> 
     </span>
    </p>
   </div>
   <div class='ocr_carea' id='block_1_6' title="bbox 0 0 1483 4904">
    <p class='ocr_par' dir='ltr' id='par_1_8' title="bbox 0 0 1483 4904">
     <span class='ocr_line' id='line_1_45' title="bbox 0 0 1483 4904; baseline 0 0"><span class='ocrx_word' id='word_1_391' title='bbox 0 0 1483 4904; x_wconf 95' lang='lat' dir='ltr'> </span> 
     </span>
    </p>
   </div>
  </div>
 </body>
</html>
