2924 4904
776 348 815 407 22

211 518 315 584 maria
336 516 556 583 enuntiatione
580 515 751 599 indicatur,
785 523 822 583 ut
844 536 971 599 semper
993 517 1183 583 secundaria
1207 517 1382 583 enuntiatio

213 605 444 688 quodammodo
469 603 607 686 subjecti
630 605 731 671 vicem
751 604 905 683 obtineat,
928 605 1082 687 primaria
1103 605 1293 686 praedicati,
1317 605 1382 671 sive

211 698 248 759 ut
268 691 423 774 primaria
445 692 665 757 enuntiatione
684 692 840 774 judicium
864 693 992 775 aliquod
1015 691 1072 758 fiat
1096 693 1135 758 de
1156 693 1205 770 iis,
1228 711 1310 774 quae
1333 711 1382 758 se-

212 780 366 847 cundaria
387 777 457 843 fieri
481 779 546 845 sint
568 778 655 844 dicta
677 778 730 864 (of.
755 799 785 862 p.
810 779 855 865 6).

298 868 332 953 u)
356 869 460 948 Atque
491 865 619 948 objecta
648 865 756 932 verbis
786 867 913 932 diversa
941 867 1038 933 rebus
1062 886 1235 947 congruere
1258 871 1316 931 aut
1337 867 1383 931 ita

213 959 349 1037 possunt
371 953 452 1033 dici,
485 958 522 1018 ut
544 954 681 1019 alterum
704 955 799 1035 plane
822 955 907 1020 idem
929 955 1037 1020 ualere
1067 954 1150 1036 quod
1175 955 1313 1020 alterum
1337 954 1384 1018 di-

213 1047 305 1107 catur
327 1041 377 1106 vel
399 1042 538 1106 alterum
560 1041 663 1105 altero
686 1041 790 1122 possit
811 1041 1010 1121 commutari,
1034 1060 1096 1123 qua
1117 1060 1152 1106 re
1176 1042 1314 1107 alterum
1338 1041 1383 1107 al·

211 1134 283 1195 tero
313 1128 490 1210 explicetur
521 1128 573 1193 vel
604 1128 794 1194 illustretur.
841 1128 938 1210 Cujus
971 1129 1100 1214 generis
1131 1128 1275 1210 exempla
1297 1128 1384 1193 inve-

213 1217 344 1282 niuntur
364 1216 461 1281 haec:
491 1214 605 1280 Verum
627 1217 812 1280 amioum
834 1217 889 1299 qui
910 1216 1059 1294 iutuetur,
1084 1222 1241 1297 tamquam
1266 1236 1385 1280 caem-

208 1303 306 1384 plar
327 1302 455 1384 aliquod
476 1302 616 1368 intuetur
637 1303 713 1368 sui.
738 1322 798 1366 am.
823 1307 854 1386 7,
876 1307 922 1368 23
944 1304 978 1384 (1.
996 1322 1023 1368 e.
1046 1321 1155 1368 uerum
1179 1303 1315 1368 amicum
1338 1304 1385 1367 in-

213 1391 298 1457 tueri
328 1391 407 1455 nihil
436 1390 523 1455 aliud
555 1395 606 1454 est
637 1390 698 1455 nisi
731 1392 895 1470 exemplar
918 1390 1048 1472 aliquod
1070 1391 1189 1455 intueri
1212 1391 1277 1472 sui,
1313 1408 1386 1455 nam

213 1479 283 1560 ipse
314 1478 435 1543 amicus
465 1481 515 1542 est
544 1477 623 1542 illud
654 1477 841 1558 exemplar).
887 1478 1069 1542 Maximum
1098 1483 1385 1543 oruamentum

214 1565 435 1629 amicitiae
457 1563 546 1644 tollit,
569 1563 623 1644 qui
644 1584 683 1629 err
705 1585 742 1629 ea
763 1564 847 1628 tollit
868 1565 1167 1631 verecumdiam.
1192 1586 1253 1630 am.
1269 1570 1324 1643 22,
1341 1568 1385 1630 82

215 1652 354 1736 (scilicet
376 1650 569 1717 verecundia
592 1657 644 1716 est
664 1653 835 1717 maximum
858 1657 1079 1718 ornamentum
1102 1653 1286 1728 amicitiae).
1312 1652 1387 1716 Nisi

215 1744 271 1804 aul
292 1740 423 1821 cupiaut
445 1744 502 1802 aut
523 1743 681 1818 meluaut;
710 1759 843 1821 quarum
866 1739 1028 1803 ambarum
1048 1760 1154 1804 rerum
1177 1760 1244 1805 cum
1265 1741 1353 1804 med
1360 1739 1386 1802 i·

216 1828 284 1892 ciu
296 1848 356 1892 am
365 1825 545 1908 pollicetur,
562 1825 710 1890 luxuriae
726 1827 759 1890 li
770 1826 944 1890 seutiam
955 1827 1132 1906 pollicetur.
1153 1828 1210 1909 hu.
1221 1827 1271 1908 ΙΙ,
1278 1832 1386 1907 2270.

216 1913 464 1979 Ballionem
494 1913 584 1977 illum
612 1913 877 1994 improbissimum
906 1919 935 1977 et
955 1915 1215 1997 periurissimum
1245 1915 1387 1978 leuouem

215 2021 284 2066 cum
313 2002 395 2083 opit,
430 2001 499 2082 opit
530 1999 766 2066 Chaeream.
804 1999 894 2064 Rosa
918 2000 1002 2066 Gom.
1026 2007 1056 2078 7,
1080 2007 1131 2067 20.
1178 2002 1256 2068 Cum
1288 2002 1386 2084 ipitur

211 2089 376 2170 proferent
398 2088 520 2168 aliquid
541 2087 760 2170 hujusmodi:
790 2089 946 2168 ‘quodiam
964 2089 1101 2170 peperit,
1130 2109 1200 2153 cum
1222 2089 1291 2153 uiro
1315 2108 1385 2153 cou-

215 2176 339 2252 culruit’,
363 2175 575 2239 iuuerltum
591 2177 764 2256 proferent,
788 2196 852 2240 uam
874 2176 1106 2256 sepelitionem.
1129 2177 1192 2240 iuu.
1216 2176 1246 2255 Ι,
1269 2180 1321 2251 40,
1338 2179 1384 2241 75.

217 2262 340 2343 Quam
371 2264 428 2347 (sc.
454 2262 731 2344 supplicationem)
762 2264 817 2343 qui
845 2283 924 2326 uou
954 2264 1103 2341 decrevit,
1132 2264 1227 2344 plus
1249 2264 1387 2340 decreuit,

216 2370 310 2436 qurum
340 2349 369 2414 si
397 2349 499 2414 ommis
529 2349 679 2414 decresset
708 2349 889 2430 triumphos.
933 2349 1000 2414 Aa.
1032 2349 1117 2431 VII,
1139 2357 1174 2427 1,
1199 2354 1228 2413 7.
1281 2349 1387 2429 Quid

216 2437 340 2519 emelim,
363 2457 431 2502 cum
452 2442 490 2501 te
511 2437 651 2500 mahat?
683 2435 791 2500 Flora
815 2441 867 2515 33,
891 2441 944 2502 83.
989 2434 1117 2501 ‘Ceteris
1139 2439 1292 2518 speeimeu
1316 2439 1386 2501 esta'

217 2525 321 2607 quod
342 2525 371 2588 si
392 2529 540 2601 terremus,
564 2528 702 2588 teuemus
725 2525 858 2589 omuiu
881 2524 934 2606 (ex
956 2524 1035 2606 conj.
1058 2524 1162 2603 Bakii,
1186 2526 1240 2607 qui
1263 2525 1389 2590 addidit

217 2612 356 2679 alterum
378 2613 538 2693 tenemus)
572 2611 628 2694 lep.
652 2610 731 2692 ΙΙΙ,
753 2616 810 2693 13,
833 2616 884 2676 30.
930 2611 966 2676 Si
994 2612 1131 2676 aliter
1153 2614 1314 2690 statuetis,
1343 2614 1386 2676 oi-

216 2700 284 2765 dete
306 2694 345 2763 ue
366 2699 436 2764 hoe
458 2719 512 2764 uos
533 2699 691 2763 statuatis.
726 2696 814 2763 (laec.
838 2703 888 2780 16,
912 2704 962 2763 46.
1014 2699 1051 2765 m·
1072 2719 1160 2763 meus
1182 2700 1387 2782 uoluntasque

217 2787 328 2851 diviua
350 2786 466 2852 ideireo
498 2786 654 2851 consuluit
683 2785 932 2863 homiuibus,
962 2788 1043 2868 quod
1065 2787 1106 2851 iis
1130 2791 1174 2851 est
1195 2787 1314 2869 larpita
1337 2808 1387 2851 ra·

219 2876 343 2954 tionem,
365 2875 423 2937 iis
445 2873 551 2938 solis
573 2872 738 2948 consuluit,
761 2892 838 2953 quos
860 2873 942 2936 baua
963 2875 1086 2938 ratioue
1100 2875 1237 2939 deuouit.
1260 2875 1298 2939 de
1320 2881 1387 2939 mat.

219 2961 292 3044 ΙΙΙ,
314 2965 368 3041 27,
392 2966 443 3026 70.
468 2998 509 3006 -
534 2960 593 3026 His
616 2960 696 3025 locis
720 2960 817 3024 etiam
838 2960 897 3024 hos
921 2961 1050 3042 adjungi
1072 2980 1168 3043 posse
1190 2969 1285 3043 puto:
1311 2962 1387 3026 Oum

216 3050 286 3114 dieo
307 3069 374 3127 me,
397 3053 435 3126 te,
460 3047 571 3125 Brute,
595 3047 674 3111 dico.
698 3067 741 3110 or.
756 3051 877 3124 31,110
899 3048 1056 3129 (quemuis
1079 3050 1163 3113 enim
1186 3050 1315 3115 dicendi
1339 3069 1388 3114 ar-

218 3137 262 3202 tis
284 3135 463 3201 studiosum
484 3134 563 3199 dicit
585 3132 720 3218 Cicero).
743 3134 806 3197 Ille
827 3135 910 3198 euim
932 3135 1009 3199 mihi
1023 3137 1223 3216 praesidium
1244 3142 1388 3201 extraor-

218 3222 382 3289 dinarium
404 3220 553 3286 dederat:
586 3240 655 3285 cum
684 3221 753 3285 dieo
781 3221 896 3299 mihi,
925 3224 1093 3287 senatui
1122 3225 1190 3288 dico
1213 3224 1389 3306 populoque

219 3311 373 3376 Romam.
404 3307 489 3373 Phil.
515 3307 578 3385 XI,
600 3312 631 3386 8,
652 3312 696 3372 20
730 3309 819 3388 (nam
848 3310 958 3375 consul
987 3310 1099 3376 (licere
1127 3330 1185 3392 pro
1215 3313 1285 3393 ipso
1317 3330 1388 3377 esse

218 3402 335 3465 senatu
355 3396 535 3478 populoque
557 3395 700 3461 Romano
723 3393 786 3460 sibi
807 3394 1000 3481 videbatur).
1023 3432 1066 3444 -

304 3484 339 3569 β)
363 3485 474 3549 Potest
497 3488 605 3549 autem
626 3481 706 3564 fieri,
732 3489 769 3549 ut
791 3483 852 3548 duo
874 3483 1003 3565 objecta
1026 3485 1073 3550 ita
1088 3503 1263 3566 congruere
1279 3486 1388 3551 dican-

219 3578 282 3654 tur,
305 3577 341 3637 ut
363 3571 498 3636 alterum
521 3571 655 3636 alterius
676 3588 752 3651 pars
774 3570 827 3635 sit.
874 3571 957 3637 Huic
987 3570 1097 3652 generi
1125 3591 1183 3653 pro
1214 3577 1303 3638 certo
1326 3574 1388 3639 duo

220 3660 291 3726 sola
313 3659 459 3739 exempla
489 3657 667 3724 attribuere
697 3676 827 3739 possum
849 3658 949 3723 haec:
981 3659 1188 3739 Philosophia
1219 3679 1288 3723 eum
1317 3662 1387 3724 uui·

217 3765 343 3812 rusam
365 3745 663 3828 aspritudinem
684 3745 821 3822 sustulit,
844 3746 975 3810 sustulit
997 3747 1100 3828 etiam,
1122 3746 1242 3828 siquis
1264 3767 1389 3830 error,

220 3833 368 3900 alicunde
389 3832 517 3911 exstitit,
548 3832 578 3896 si
595 3837 771 3912 paupertas
793 3833 960 3897 momordit
989 3839 1064 3900 cett.
1097 3833 1150 3917 (ex
1174 3834 1253 3916 conj.
1277 3835 1389 3918 Keilii)

220 3927 298 3986 tusc.
309 3919 381 4000 ΙΙΙ,
393 3924 444 3995 34,
458 3923 512 4000 82,
536 3919 556 3982 1.
581 3937 608 3983 e.
633 3938 702 3984 cum
721 3919 956 4003 aegritudinem
973 3920 1113 4000 sustulit,
1138 3921 1269 3987 sustulit
1293 3923 1389 3988 etiam

221 4026 381 4089 errorem,
404 4011 645 4088 paupertatem,
670 4011 795 4087 cetera,
828 4024 909 4088 quae
933 4014 1008 4073 sunt
1029 4013 1141 4090 partes
1164 4009 1387 4093 aegritudinis.

221 4096 257 4162 Si
279 4095 361 4160 euim
382 4093 587 4159 rationem
612 4093 790 4158 homiuibus
816 4094 850 4158 di
873 4095 1042 4173 dederuut,
1073 4095 1278 4160 malitiam
1299 4096 1390 4162 dede-

220 4187 318 4261 ruut,·
350 4185 409 4246 est
435 4181 543 4246 euim
569 4179 736 4246 malitia
766 4186 894 4247 oerscda
915 4189 945 4247 et
964 4182 1071 4264 fallare
1099 4183 1225 4249 ratio
1252 4184 1389 4250 uoceudi.

221 4271 259 4335 de
280 4274 345 4334 mat.
368 4268 439 4347 ΙΙΙ,
461 4272 512 4348 30,
534 4270 586 4333 75.
