2924 4904
702 320 742 380 92

134 483 251 567 fuerit,
282 503 375 565 quem
402 506 487 564 eum,
519 488 573 568 qui
590 492 716 568 petrem
746 487 1035 570 suffocaverit.
1080 487 1173 552 Mur.
1194 490 1249 567 29,
1270 489 1315 551 61.

137 570 248 653 Neque
271 572 356 637 enim
377 574 577 654 suffocaverit
600 575 681 656 perf.
705 594 811 656 praes.
836 580 886 640 est
909 593 1011 655 neque
1035 572 1214 640 suffocandi
1235 574 1315 638 actio

138 659 301 724 antecedit
324 659 554 743 delinquendo,
588 662 643 726 sed
669 664 774 743 ipsum
805 667 855 727 est
878 661 1040 726 delictum.
1087 660 1168 725 Mihi
1191 659 1315 740 quidem

138 745 282 824 videtur,
317 764 389 810 cum
420 749 595 813 communia
619 751 662 813 sit
685 751 747 814 loci
770 751 948 831 sententia,
980 767 1075 830 quam
1097 748 1131 812 in
1154 751 1316 828 posterum

136 833 273 898 maxime
297 831 397 898 Stoici
419 834 527 898 valere
550 835 726 920 voluerint,
756 835 911 900 infinitivo
939 835 1118 916 delinquere
1140 833 1242 899 futuri
1264 851 1315 898 ne·

136 919 257 984 tionem
279 920 412 985 subesse
436 920 490 1004 (cf.
515 941 545 1002 p.
570 927 621 987 66.
647 924 680 1005 7)
711 928 744 988 66
766 922 965 1006 suffocaverit
998 941 1057 1003 pre
1091 920 1193 986 futuri
1216 919 1316 985 exacti

139 1007 341 1086 conjunctivo
365 1026 437 1073 esse
461 1009 619 1091 existimo,
643 1015 679 1076 ut
701 1029 740 1075 ea
762 1015 944 1092 temporum
966 1009 1009 1074 sit
1029 1008 1125 1087 ratio,
1149 1026 1243 1088 quem
1267 1025 1315 1071 ex·

137 1093 326 1175 plicavimus
349 1114 378 1175 p.
404 1101 445 1160 68
469 1114 515 1177 sq.
540 1096 593 1179 (ci.
617 1116 648 1178 p.
676 1102 726 1162 96.
744 1097 787 1174 b).

132 1315 135 1322 ,
224 1267 408 1350 Sequuntur
420 1275 492 1335 ecte
505 1269 578 1352 loci,
602 1270 764 1352 inquibus
779 1269 1045 1335 indicativus
1061 1267 1246 1350 praesentis
1262 1269 1315 1332 eet.

138 1353 261 1431 Quibus
284 1357 315 1419 in
340 1356 418 1420 locis
442 1361 475 1420 et
497 1355 678 1438 ubicunque
700 1358 732 1422 in
756 1356 895 1439 obliquis
917 1356 1090 1422 sententiis
1110 1354 1315 1420 coincidenti-

137 1439 197 1506 bus
219 1442 412 1507 indicativus
435 1443 606 1519 invenitur,
630 1443 773 1511 dubitari
794 1449 913 1525 potest,
938 1461 978 1507 an
995 1443 1036 1508 ed
1051 1443 1208 1525 primaria
1223 1440 1315 1507 verba

138 1528 264 1594 dicendi
286 1531 394 1609 potius
418 1530 628 1615 secundariae
651 1532 888 1597 enuntiationes
918 1531 983 1596 sint
1005 1529 1216 1611 referendae,
1247 1546 1315 1593 cum

138 1633 235 1695 saepe
259 1634 330 1680 cum
352 1616 393 1681 iis
417 1634 542 1698 quoque
567 1624 713 1699 tempora
737 1623 923 1699 congruant.
970 1616 1033 1682 Sed
1050 1635 1121 1683 cum
1136 1616 1314 1682 sententiae

138 1702 402 1768 secunderiarum
425 1705 678 1769 enuntiationum
702 1711 736 1771 et
758 1703 985 1770 infinitivorum
1012 1704 1079 1769 sint
1102 1704 1315 1769 coincidentes

137 1789 233 1871 inque
264 1809 334 1855 eam
366 1791 556 1856 relationem
589 1796 736 1872 tempera
768 1793 974 1870 conveniant,
1006 1790 1181 1857 discrimen
1213 1789 1315 1855 facere

137 1877 234 1942 nolui.
280 1877 359 1959 Ejus
382 1878 513 1962 generis
535 1879 598 1943 loci
620 1886 695 1944 sunt
714 1878 765 1944 hi:
804 1879 872 1942 Eos
894 1879 948 1961 pud
969 1898 1025 1942 uec
1047 1879 1150 1958 inepte
1172 1877 1315 1942 dicuut

139 1983 194 2028 666
217 1964 321 2028 odiose
343 1984 400 2028 uec
418 1966 548 2048 putide,
579 1966 685 2030 Attice
709 1970 835 2046 putet
865 1966 1014 2030 dicere.
1045 1964 1142 2028 Brut.
1165 1967 1223 2045 82,
1244 1965 1314 2028 284.

138 2050 225 2115 Ilaec
255 2071 334 2132 quoe
364 2053 426 2114 mei
453 2057 544 2117 testes
573 2053 594 2116 d
602 2053 733 2136 66666,
762 2055 929 2135 fatetur
952 2052 1157 2116 aduersarius
1178 2071 1230 2115 ees
1250 2068 1315 2114 6666

139 2138 283 2202 dicere.
312 2137 460 2203 Tectae
506 2139 584 2202 Nisi
595 2141 686 2221 (orte,
708 2160 788 2221 puae
809 2139 1007 2211 6666666666,
1032 2139 1157 2214 acriter,
1182 2139 1315 2201 cadmeae

135 2225 260 2306 siuet,
283 2224 435 2289 iracunde
454 2226 560 2306 fieri
581 2227 862 2307 suspicemur.
885 2231 963 2290 tuse.
979 2225 1040 2306 IV,
1062 2229 1116 2307 23,
1137 2227 1187 2288 51.
1233 2222 1315 2290 Setis

135 2317 296 2392 puteut
317 2332 350 2376 66
372 2313 498 2390 66666,
521 2313 603 2395 qued
624 2316 778 2379 666666.
809 2314 886 2394 fem.
909 2312 976 2393 IX,
998 2317 1049 2387 16,
1072 2315 1104 2376 3.
1147 2310 1252 2375 Puto
1272 2329 1315 2373 me

138 2399 208 2480 666,
239 2399 322 2480 qued
348 2400 488 2481 fecie,
519 2404 663 2481 secere
691 2401 802 2466 666666.
840 2401 881 2464 id.
905 2398 1013 2479 XIII,
1036 2402 1088 2478 17,
1109 2400 1143 2463 2.
1188 2397 1226 2464 a·

138 2484 195 2549 dee
218 2487 301 2567 quod
319 2487 449 2568 fecie,
479 2508 526 2551 me
548 2488 757 2568 reipublicae
779 2507 876 2552 cause
900 2487 1044 2567 fecere
1070 2485 1315 2566 profiterer.

143 2569 255 2638 Ooecii.
266 2577 298 2652 2,
313 2577 333 2636 6
356 2573 411 2659 (cf.
424 2593 454 2656 p.
469 2580 509 2638 90
531 2575 587 2638 ini.
606 2575 646 2640 de
662 2576 756 2640 medo
773 2571 1005 2657 conditionali).
1048 2573 1127 2637 Tum
1149 2588 1315 2636 6666666

137 2658 220 2725 iliud
244 2665 356 2740 poetes
383 2660 465 2743 quod
487 2663 589 2726 deceat
612 2662 798 2741 dicimur,
831 2681 901 2725 cum
926 2660 962 2724 id
991 2660 1074 2740 quod
1095 2679 1218 2740 queque
1245 2677 1314 2739 per·

138 2766 217 2811 seue
250 2747 379 2830 dippum
409 2754 472 2827 666,
513 2755 542 2812 66
569 2749 627 2829 fit
656 2753 684 2813 66
713 2750 879 2814 dieitur.
915 2748 967 2828 eff.
990 2747 1027 2830 Ι,
1048 2748 1185 2825 26697.
1232 2742 1314 2825 de

138 2834 215 2898 midi
237 2834 275 2899 dc
296 2841 404 2899 uestro
426 2840 512 2899 66666
535 2883 542 2897 .
567 2883 574 2896 .
600 2884 606 2899 .
634 2835 885 2919 protuleris,
912 2835 1039 2899 mimimo
1060 2833 1269 2897 miremur
1289 2835 1313 2895 tc

139 2923 204 2986 tuis
228 2966 235 2983 .
259 2971 265 2986 .
292 2971 298 2986 .
318 2922 497 3003 praeduris
519 2923 664 3002 operibus
686 2923 858 2987 6666666.
888 2923 966 3004 fem.
988 2921 1017 3000 I,
1039 2922 1069 2998 t,
1092 2923 1121 2984 7.

313 3143 317 3151 -
676 3100 706 3161 2.
751 3114 780 3161 e.

228 3181 324 3248 Cum
346 3181 489 3248 future
513 3184 701 3265 conjunctus
724 3181 906 3264 praesentis
929 3180 1104 3246 infinitivus
1126 3181 1197 3261 ipse
1220 3181 1269 3246 tut
1305 3175 1311 3190 '

139 3269 201 3333 vim
237 3270 363 3350 recipit.
444 3271 509 3336 Sed
541 3289 599 3352 pro
634 3270 835 3351 conjunctivo
869 3268 971 3334 futuri
1004 3267 1314 3348 conjunctivum

139 3358 389 3439 praesentis
419 3376 508 3437 esse,
541 3376 613 3423 cum
643 3359 797 3438 primaria
827 3355 988 3422 sententia
1017 3353 1138 3420 habeat
1166 3353 1313 3428 futurum,

139 3444 220 3510 satis
249 3452 358 3510 netum
389 3452 447 3510 est.
501 3443 663 3510 Nemiuem
701 3443 874 3509 couoeui
882 3447 918 3507 et
949 3441 1104 3506 orditreri
1136 3460 1211 3519 uos,
1251 3457 1314 3504 evm

139 3532 266 3614 cdipuod
288 3532 462 3613 exemptum
479 3551 695 3613 peccemus,
728 3531 865 3610 quodie
888 3534 1000 3593 666666
1021 3532 1150 3610 eputur,
1174 3527 1213 3591 66
1229 3525 1314 3609 pudi-

140 3619 215 3683 ciali
242 3640 356 3701 peuere
380 3621 579 3684 recedere.
618 3618 925 3699 tue.11,37,11e
993 3614 1123 3680 Dicet
1150 3613 1314 3696 dupliciter

139 3726 228 3771 esse
249 3712 278 3771 66
299 3707 467 3789 eujusdam,
501 3725 571 3771 cum
600 3711 629 3770 66
658 3706 797 3770 66666666
827 3705 1006 3785 adpetes
1035 3748 1102 3766 ...
1132 3706 1162 3765 et
1181 3701 1315 3786 praviter

136 3794 255 3875 feres
278 3841 285 3857 .
309 3843 317 3858 .
342 3844 348 3859 .
380 3800 455 3858 tusc.
478 3794 549 3872 ΙΙΙ,
572 3798 622 3872 17,
645 3797 695 3857 36.
740 3791 819 3856 Loci
842 3809 1015 3855 commuues
1037 3791 1095 3870 (sc.
1119 3795 1228 3866 erunt)
1250 3839 1257 3853 .
1279 3830 1313 3847 ..

139 3901 208 3946 eum
231 3881 476 3946 commodissime
498 3880 689 3962 66666666,
719 3879 785 3961 qui
807 3883 935 3958 curet,
958 3882 994 3942 ut
1016 3876 1169 3959 quaedem
1190 3896 1230 3940 eu
1251 3872 1313 3958 qud·

139 3967 270 4032 dusdcm
292 3968 520 4052 iuteiiipeutur.
542 3969 607 4033 666.
625 3965 674 4048 ΙΙ,
697 3968 835 4042 50,152.
879 3965 915 4032 Si
938 3965 1009 4046 puis
1031 3968 1085 4038 666,
1108 3963 1164 4043 qui
1186 3969 1215 4027 et
1236 3961 1313 4027 sect

140 4075 268 4120 causum
290 4056 401 4120 iuedi
418 4060 556 4136 putet,
579 4075 647 4119 eum
674 4052 895 4134 Cirpsepouus
917 4054 1194 4130 vituperetur.
1228 4049 1314 4114 Resc.

140 4143 213 4206 Am.
237 4145 295 4218 49,
319 4147 391 4208 142.
448 4141 548 4224 06666
576 4146 700 4205 tautum
727 4144 774 4203 est
802 4139 963 4222 tripertium
987 4188 993 4201 .
1019 4187 1025 4201 .
1051 4187 1057 4200 .
1089 4141 1139 4211 ut,
1170 4129 1314 4218 quidquid

140 4228 215 4293 iude
249 4229 444 4313 6666666,
478 4249 597 4312 purum
630 4234 658 4292 te
689 4226 902 4309 liquidumque
941 4224 1112 4291 haurire
1145 4224 1313 4289 6666666.
