2924 4904
712 354 730 414 3

135 541 207 588 zum
229 520 434 587 Nebensatze
463 520 565 587 findet
595 522 678 587 auch
707 522 740 585 in
771 518 941 603 folgenden
965 522 1085 588 Sttzen
1118 528 1220 589 statt:
1256 523 1320 603 Qui

136 609 310 674 Antonium
333 609 550 690 oppresserit,
574 609 603 673 is
626 607 746 673 bellum
770 608 945 674 coniecerit
968 608 1056 692 (fam.
1080 610 1120 674 X.
1138 610 1202 693 19).
1248 611 1319 677 Μ6-

136 714 233 777 gnam
251 696 415 777 Jacturam
438 713 556 760 causae
579 694 700 777 fecero,
723 696 751 760 si
775 695 872 760 ullam
888 713 960 761 esse
980 697 1237 762 convenientiam
1260 717 1318 764 na·

136 789 231 848 turae
254 800 327 848 curn
351 781 433 847 extis
458 800 647 847 concessero
672 781 747 864 (div.
774 785 803 861 2,
824 780 900 865 15)“
926 800 952 847 6.
978 799 1007 862 q.
1033 800 1058 848 1.
1083 781 1319 850 Grotelendum

138 868 1318 955 16661116116,Τ.Α.111116661111(11662611.1661658011).

137 957 226 1021 Idem
250 955 337 1037 fere,
362 954 446 1037 quod
470 955 600 1037 quidem
623 955 665 1020 ad
688 973 775 1021 cum
796 955 989 1036 particulam
1012 956 1168 1037 pertinet,
1191 957 1225 1021 in
1247 957 1319 1023 Ra-

137 1042 520 1125 6116611Κ116111611
542 1060 674 1124 gramm.
698 1042 843 1123 pluribus
868 1040 975 1107 verbis
1005 1042 1059 1125 (cf.
1086 1043 1318 1126 Schulgramm.

139 1130 197 1195 der
213 1130 354 1210 lat.Spr.
381 1135 409 1194 5.
424 1128 505 1194 Auli.
532 1134 625 1195 1861.
645 1130 662 1212 6
680 1135 751 1212 149,
766 1130 799 1211 6)
823 1133 857 1193 61
878 1129 911 1192 11
933 1128 1127 1195 Ellendti
1150 1129 1320 1214 618661-

139 1217 247 1282 16111
270 1234 403 1298 gramm.
428 1216 564 1281 astricta
596 1215 740 1280 oratione
771 1215 893 1280 dictum
921 1216 1098 1281 invenimus
1127 1214 1182 1299 (cf.
1206 1218 1255 1283 ed.
1280 1217 1319 1284 V.

140 1323 167 1369 a.
194 1307 288 1368 1862.
320 1304 435 1386 6266.
466 1322 538 1368 611.
564 1303 607 1386 1).
665 1302 731 1367 Sed
762 1303 791 1367 si
820 1303 902 1366 hanc
935 1301 1125 1369 Grotefendi
1159 1304 1319 1369 rationem

140 1393 250 1472 (quam
274 1410 293 1455 6
315 1390 418 1472 primo
434 1395 566 1456 auctore
582 1390 746 1471 appellare
762 1389 839 1454 mihi
860 1389 970 1465 liceat)
996 1389 1144 1455 conferas
1168 1409 1239 1456 cum
1262 1391 1319 1456 illa

140 1478 327 1542 Lattmanni
350 1482 383 1541 et
404 1476 573 1554 Muelleri,
596 1477 656 1541 hoc
679 1480 818 1556 6666161
839 1476 1017 1558 interesse,
1040 1477 1126 1558 quod
1149 1476 1320 1543 Grotefen·

140 1564 210 1644 dus,
237 1565 355 1646 quique
379 1582 451 1629 eum
475 1568 670 1645 sequuntur,
701 1563 900 1646 singularem
923 1568 956 1628 et
979 1564 1213 1629 sententiarum
1234 1564 1319 1630 rela-

140 1653 261 1716 tionem
286 1658 319 1716 et
343 1656 524 1732 temporum
547 1669 619 1716 esse
642 1651 674 1713 in
698 1650 889 1731 quibusdam
912 1649 1205 1730 enuntiationibus,
1236 1670 1319 1733 quae

142 1757 229 1805 cum
250 1739 411 1818 particula
427 1737 706 1819 conjungerentur,
730 1737 889 1819 viderunt,
913 1738 1048 1803 eandem
1071 1738 1113 1802 ad
1136 1738 1217 1803 alias
1243 1756 1320 1819 quo-

142 1844 202 1907 que
225 1825 406 1892 sententias
427 1826 592 1906 pertinere
615 1822 834 1889 Grotefendus
864 1824 952 1889 solus
980 1842 1077 1890 sensu
1100 1824 1239 1904 quodam
1261 1844 1318 1906 6ο-

141 1914 205 1978 tius
228 1912 385 1994 percepit,
409 1929 504 1992 quam
527 1911 656 1992 penitus
678 1911 860 1994 perspexit,
892 1929 962 1976 cum
985 1911 1224 1977 enuntiationes
1248 1913 1317 1994 eJ'us

142 1999 279 2080 generis,
302 1999 335 2063 in
359 1997 474 2080 quibus
497 1997 574 2063 bina
596 1996 705 2062 futura
729 2002 843 2063 exacta
864 1997 1080 2080 reperiantur,
1104 1998 1220 2065 leviter
1242 1999 1319 2063 atti-

142 2087 226 2167 gerit
247 2087 280 2150 in
304 2084 523 2152 annotatione.
569 2085 621 2148 llli
650 2103 727 2149 vero
757 2084 818 2150 viri
849 2084 937 2150 docti
967 2085 1049 2150 hano
1071 2084 1262 2151 relationem
1286 2091 1320 2150 61

141 2178 321 2254 temporum
353 2177 387 2238 et
416 2172 651 2238 sententiarum
682 2171 840 2236 latissime
872 2176 986 2251 patere
1018 2190 1078 2253 per
1109 2173 1215 2237 omnia
1248 2170 1318 2237 fere

142 2260 397 2325 enuntiationum
417 2277 537 2340 genera
560 2259 729 2339 omniaque
752 2263 898 2339 tempora
911 2256 1002 2324 verbi
1020 2258 1208 2325 docuerunt.
1254 2258 1319 2323 Ne·

143 2365 204 2428 que
227 2346 361 2425 singulis
381 2347 414 2410 in
432 2343 963 2428 conjunctionibuspertractandis
986 2346 1055 2426 ejus
1077 2346 1237 2411 rationem
1260 2346 1319 2410 ha-

142 2433 212 2499 beri
228 2435 310 2499 satis
327 2434 494 2511 duxerunt,
517 2432 575 2498 sed
591 2432 756 2513 proprium
776 2450 849 2496 eam
864 2432 970 2497 locum
981 2431 1101 2498 habere
1121 2433 1318 2515 jndicarunt,

143 2539 215 2586 cum
237 2520 270 2585 id
294 2525 464 2602 ageretur,
499 2526 535 2585 ut
564 2524 745 2599 temporum
775 2519 936 2584 rationum
967 2520 1055 2600 leges
1086 2525 1319 2602 statuerentur,

144 2626 278 2689 eamque
296 2606 336 2672 ob
351 2624 483 2672 causam
500 2607 548 2672 rei
566 2605 723 2688 singulari
733 2606 898 2686 proprium
912 2607 1011 2671 etiam
1022 2606 1142 2672 dedere
1158 2605 1319 2685 nomen*).

229 2694 303 2759 Jarn
327 2694 511 2776 quaeritur,
547 2693 601 2774 qui
630 2693 690 2757 viri
722 2692 809 2757 docti
838 2697 913 2773 6611
936 2712 1054 2759 annum
1077 2697 1159 2758 1863
1184 2693 1224 2758 de
1247 2697 1319 2758 arte

143 2781 357 2866 grammatica
377 2780 587 2863 scripserunt,
611 2779 769 2859 quomodo
784 2779 969 2860 acceperint
984 2799 1033 2858 66,
1056 2798 1138 2861 quae
1149 2781 1319 2845 Lattman-

144 2888 201 2934 nus
225 2872 259 2933 et
281 2867 456 2933 Muellerus
478 2867 750 2944 demonstrarunt,
774 2863 943 2947 probarint
965 2886 1006 2932 an
1025 2865 1209 2932 refutarint.
1254 2866 1319 2931 Ne-

144 2974 204 3037 que
227 2973 303 3021 1616
326 2955 472 3035 deerant,
496 2954 551 3034 qui
573 2953 647 3019 huic
671 2953 837 3018 doctrinae
856 2955 1102 3030 assentirentur,
1126 2971 1319 3035 quamquam

147 3043 301 3108 decennio
325 3042 453 3107 demum
475 3039 542 3105 fere
565 3045 658 3122 post,
682 3058 777 3121 quam
799 3039 854 3105 ille
877 3039 960 3106 liber
982 3041 1119 3123 primurn
1141 3041 1317 3121 prodierat.

144 3128 226 3195 Nam
248 3129 325 3193 Em.
340 3126 608 3205 Hofmannus,
632 3146 703 3192 curn
727 3132 858 3192 61873
882 3146 964 3208 quae
987 3133 1063 3193 ante
1086 3145 1186 3193 annos
1209 3126 1318 3192 trede-

145 3216 205 3281 cim
227 3215 268 3280 de
290 3215 523 3297 particularum
547 3213 774 3294 temporalium
794 3214 1032 3280 constructione
1055 3214 1240 3296 scripserat,
1264 3215 1319 3280 de-

145 3321 206 3369 nuo
230 3302 352 3384 ederet,
376 3321 447 3369 curn
471 3302 627 3367 aliatum
650 3318 754 3382 pauca
777 3301 905 3381 adjecit,
939 3300 1053 3382 quibus
1076 3319 1173 3381 pares
1195 3307 1319 3382 tempo-

145 3408 214 3455 rum
235 3388 357 3454 formas
380 3394 448 3455 tum
470 3388 673 3454 necessarias
697 3405 768 3452 esse
792 3387 940 3470 doceret,
972 3406 1043 3453 cum
1066 3388 1149 3454 duae
1172 3388 1318 3455 enuntia-

146 3477 249 3541 tiones
273 3476 496 3557 conjunctione
519 3473 631 3558 ,cum“
656 3474 703 3539 116
727 3475 1012 3556 conjungerentur,
1035 3480 1071 3540 ut
1094 3476 1212 3554 61161,
1237 3493 1319 3556 quae

146 3563 366 3629 enuntiatione
389 3562 582 3629 secundaria
610 3560 680 3627 fieri
703 3560 884 3641 diceretur,
915 3561 1070 3643 primaria
1099 3561 1319 3629 enuntiatione

214 3778 242 3848 *)
258 3778 329 3834 Nam
354 3793 422 3847 quas
441 3776 611 3832 actiones
630 3775 697 3829 Em.
717 3775 956 3845 Hofmannus,
984 3777 1032 3831 ubi
1050 3777 1084 3831 de
1102 3775 1321 3831 constructi-

148 3865 209 3904 one
228 3852 498 3919 particularum
516 3847 768 3916 temporalium
787 3847 937 3915 disputavit
956 3848 1102 3918 (Zeitschr.
1121 3847 1141 3902 f.
1160 3854 1211 3902 611.
1224 3846 1319 3917 Gymn.

147 3923 223 3977 1860.
242 3938 269 3990 6.
289 3923 353 3992 663)
373 3921 556 3976 coincidentes
576 3919 660 3987 dixit,
686 3935 779 3974 earum
803 3926 931 3988 tempora
957 3922 1066 3976 omnino
1090 3935 1145 3974 non
1162 3920 1252 3973 relata
1272 3917 1321 3973 sed

147 3993 272 4049 absoluta
291 3994 442 4062 appellavit
461 3993 525 4062 (1.1.
544 4007 570 4058 p.
590 3993 669 4059 693),
697 3998 728 4044 ut
755 3991 837 4059 longe
857 3993 939 4046 aliam
959 3993 1012 4047 vim
1032 3992 1058 4047 61
1075 3991 1159 4045 verbo
1175 3990 1320 4059 tribuerit;

147 4079 232 4132 neque
251 4065 280 4119 id
299 4072 403 4120 certum
422 4065 491 4118 artis
510 4077 608 4117 161161
627 4077 688 4116 6116
705 4062 803 4117 voluit.
838 4062 906 4118 Illas
931 4069 1022 4118 autem
1047 4063 1264 4130 enuntiationes,
1292 4061 1322 4115 in

147 4136 242 4203 quibus
261 4134 458 4202 Grotefendus,
477 4135 655 4201 Kushnerus,
681 4133 831 4204 Seyffertus
850 4136 993 4203 proprium
1011 4142 1165 4202 temporum
1184 4149 1263 4188 usum
1281 4133 1321 4186 in-

146 4208 322 4276 tellexerunt,
351 4206 522 4263 Hofmannus
547 4206 586 4274 (in
606 4205 700 4272 priore
719 4205 827 4273 quidem
846 4209 905 4276 ejus
923 4207 1011 4263 libelli
1030 4205 1162 4275 editione)
1185 4221 1203 4260 a
1222 4204 1322 4261 ceteris

147 4278 327 4348 sejungeudas
347 4296 401 4335 161
420 4278 534 4348 putavit.

1034 4366 1078 4431 l*
