2924 4904
707 380 748 441 64

223 637 651 718 Plusquamperfecta
680 643 809 702 exstant
840 638 872 701 in
894 636 973 702 locis
996 636 1154 719 quinque,
1188 655 1319 718 quorum

138 727 168 789 in
194 723 317 790 duobus
340 723 526 804 pronomine
548 723 753 806 relativo,
777 725 808 788 in
834 723 957 789 duobus
978 723 1143 804 particula
1165 745 1268 806 oum,
1288 724 1317 788 in

137 831 200 878 uno
222 811 383 893 particula
405 810 511 874 emim
534 811 717 876 sententiae
740 812 985 894 conjunguntur.
1032 809 1210 891 (Seaccuos
1231 831 1316 874 333-

137 900 221 981 3333)
249 900 304 980 qui
334 897 525 973 dederat,
559 902 757 962 commeatum
786 899 882 962 totius
912 897 1042 961 aestatis
1065 897 1312 961 abstulerat.

145 987 231 1052 Varr.
259 985 293 1067 V,
317 988 371 1062 25,
394 988 447 1048 62.
476 984 542 1049 Eos
564 990 620 1064 (33.
641 985 800 1068 judices),
832 986 887 1066 qui
909 992 1031 1049 eramt
1053 989 1148 1048 autea
1170 985 1193 1049 d
1201 984 1264 1048 ati
1285 984 1313 1066 (a

138 1078 171 1138 te
194 1072 263 1154 33),
287 1072 450 1151 utriusque
472 1072 644 1138 dederas
666 1072 831 1137 volumtate.
854 1072 893 1136 ib.
918 1071 961 1153 Π,
985 1075 1037 1151 18,
1061 1070 1311 1151 44.-Ε33333-

139 1161 287 1224 tationem
310 1158 401 1222 mobis
423 1177 488 1223 333
507 1178 645 1239 paruam
667 1159 895 1240 attuleraS,
918 1178 987 1222 cum
1009 1159 1309 1239 scripseras...

137 1245 206 1311 Arc.
229 1245 307 1328 ΙΙΙ,
338 1249 395 1326 18,
426 1250 454 1309 1.
498 1246 555 1310 Ad
582 1266 674 1310 suom
696 1247 779 1310 enim
801 1246 962 1326 quamdam
983 1247 1085 1329 mopis
1107 1245 1161 1310 itte
1180 1245 1306 1327 ploriom

138 1354 232 1415 qaam
256 1334 297 1397 ad
312 1333 517 1412 perspicuam
537 1332 671 1397 salutem
694 1335 741 1397 rei
756 1333 905 1414 publicae
921 1353 987 1396 com
1005 1331 1092 1418 (add.
1111 1333 1247 1414 Kayser,
1267 1349 1303 1396 so.

139 1421 282 1501 causam)
306 1426 560 1498 sumpserat,
581 1440 648 1484 cum
671 1440 755 1484 umas
777 1421 810 1483 iu
835 1420 929 1502 tepcm
944 1440 1006 1499 per
1020 1421 1082 1484 rim
1098 1419 1304 1501 tatamjurorc

137 1507 339 1570 uoluerat.
363 1505 439 1570 Sest.
463 1510 514 1586 16,
537 1509 590 1570 37.
614 1543 654 1552 -
683 1506 780 1586 Coepi
795 1507 1191 1588 secusapereatqaeimitio
1207 1506 1300 1570 dicc-

137 1614 239 1669 ram,
265 1629 303 1639 -
328 1611 526 1672 meparam
549 1593 631 1656 emim
653 1594 735 1658 barac
751 1595 892 1674 primam
909 1600 1037 1673 partem
1058 1615 1145 1676 epcrc
1167 1592 1297 1657 oratioru.

138 1682 183 1744 dc.
203 1686 271 1744 mat.
295 1679 344 1756 11,
368 1682 396 1759 9,
420 1683 474 1744 23.
1338 1728 1341 1735 .

224 1768 387 1831 Restantt
347 1773 461 1830 ttres
477 1766 557 1831 loci
573 1766 839 1850 singulares,
853 1767 885 1832 in
899 1765 1014 1848 quibus
1026 1765 1295 1848 quamquamcoin-

138 1855 246 1920 cident
232 1861 281 1918 333
312 1873 368 1918 sen
369 1854 492 1918 tentiae
516 1854 736 1932 eontinentur,
770 1859 877 1920 tamen
901 1859 1132 1933 temporum
1155 1852 1295 1918 formae

139 1960 215 2005 non
236 1947 484 2040 congruunt.
521 1940 686 2017 Quorum
678 1960 789 2005 inuno
802 1940 993 2006 secundaria
1006 1940 1184 2005 enuntiatio
1196 1940 1293 2019 imper·

138 2027 257 2092 fectum
261 2045 439 2108 primaria
453 2027 578 2108 perfec
579 2046 632 2092 um
644 2027 753 2109 habe
774 2029 845 2093 3333
859 2028 942 2092 hunc
957 2028 1082 2092 iocum
1109 2024 1250 2106 0333
1196 2025 1250 2091 Oa
1251 2022 1294 2098 atr

140 2119 270 2179 ...3333
270 2135 364 2176 amaa
376 2113 584 2194 tii'tefejei
571 2113 640 2196 3(3
655 2133 682 2178 e.
697 2116 819 2180 adeone
834 2115 956 2180 erraris
958 2113 1008 2199 ti),
1023 2134 1092 2177 cam
1106 2114 1294 2177 mibisammo

138 2207 207 2265 etco
209 2202 411 2282 idaeaajaa
417 2221 564 2281 praemia
572 2220 608 2263 m
616 2202 743 2280 republ
732 2222 779 2266 ca
785 2206 856 2283 fore
864 2223 891 2301 p
902 2209 944 2265 ut
932 2201 1078 2265 tabas?
1093 2202 1172 2265 dom.
1182 2204 1229 2277 43,
1238 2198 1293 2262 113.

140 2288 227 2365 Quo
220 2307 251 2352 in
262 2289 447 2353 lacerarunt
460 2288 650 2353 3333333333
628 2289 773 2370 3-3333(
787 2308 860 2353 nam
872 2291 900 2354 is
916 2294 987 2353 3333
973 2287 1060 2353 ttae
1063 2286 1106 2351 uli
1119 2306 1209 2352 error
1209 2250 1294 2367 ,quod

139 2375 217 2440 illud
241 2374 310 2440 fore
333 2373 472 2456 putabat
493 2377 712 2456 —)apparot
736 2376 886 2459 designat
889 2394 939 2440 am
928 2393 1026 2439 inon
1051 2393 1122 2439 esse
1146 2337 1295 2440 verborum

138 2460 259 2527 formis
305 2463 349 2526 333
379 2461 604 2541 nihilominus,
640 2481 710 2527 oum
743 2463 874 2543 quaevis
905 2481 957 2527 333
990 2462 1186 2543 praeterita,
1218 2455 1296 2548 prout

139 2555 211 2614 3333
213 2568 249 2613 33
279 2567 349 2614 3333
380 2550 448 2613 vuit
477 2549 598 2631 accipi,
634 2554 666 2614 et
688 2549 891 2630 perfecttoe
913 2548 1102 2629 imperfecto
1126 2549 1228 2629 possit
1215 2535 1298 2612 tdioi

140 2635 191 2716 (3.3
214 2636 342 2717 Kriiger
365 2637 382 2719 ξ
405 2642 477 2701 446.
502 2639 591 2701 Anm.
619 2635 753 2721 l,sta)
719 2636 908 2701 tatuendum
943 2641 993 2701 est
1024 2641 1057 2700 33
1088 2636 1143 2700 3333
1172 2632 1256 2716 perfe
1241 2633 1298 2697 eci⁰

139 2722 256 2805 (fefelli
243 2724 351 2808 33)3
318 2722 504 2804 einiperf.
538 2656 717 2806 (putabas)s
740 2723 824 2788 sicut
852 2723 987 2788 eandum
1018 2741 1105 2802 rem,
1147 2724 1195 2787 ita
1160 2719 1300 2787 tidem

140 2813 171 2873 in
174 2811 314 2892 telligit
316 2829 436 2891 empus.
475 2810 587 2891 Neque
610 2810 706 2874 aliter
726 2810 933 2890 judicandum
956 2810 1045 2874 videt
1031 2815 1084 2874 tur
1107 2807 1146 2873 de
1162 2809 1301 2874 hocloco,

138 2899 170 2961 in
195 2916 255 2978 quo
279 2916 349 2962 cum
363 2896 678 2979 plusquamperfecto
689 2898 834 2979 jungitur
847 2896 1045 2981 perfectum:
1070 2896 1157 2962 Satis
1168 2903 1302 2978 mappam

139 3004 319 3063 ceperam
350 2985 507 3064 fructum,
541 3005 610 3049 cum
637 3004 689 3048 uos
720 2985 862 3049 uniuersi
890 3005 956 3049 uua
990 2988 1090 3048 memte
1124 2990 1215 3064 atque
1243 2989 1304 3046 ooct

138 3071 252 3134 iterum
275 3091 294 3134 a
317 3091 364 3133 mc
387 3077 602 3135 comscroatam
632 3091 697 3135 esse
725 3092 790 3136 rem
813 3071 976 3152 publicam
1008 3065 1304 3135 comctamastit·

139 3156 223 3221 333.
244 3157 299 3234 Vl,
321 3164 348 3234 1,
372 3162 404 3222 2.
428 3158 481 3239 (af.
505 3178 534 3239 p.
561 3163 611 3222 oi.
634 3157 716 3222 Phil.
730 3160 755 3238 1,
782 3164 831 3236 33,
857 3164 915 3238 33;
940 3179 970 3239 p.
995 3163 1054 3223 aa:
1079 3158 1162 3223 aaa.
1182 3163 1231 3233 33,
1248 3151 1304 3234 aa).

138 3243 221 3308 Nam
251 3244 394 3324 perfeeto
426 3245 645 3309 conclamastis
677 3243 779 3310 libere
808 3253 841 3310 et
873 3244 1019 3311 absolute
1050 3245 1158 3325 posito
1183 3243 1306 3310 alterius

138 3332 293 3412 temporis
317 3332 401 3396 ratio
425 3351 486 3397 non
509 3330 655 3397 habetur.
693 3331 813 3396 Sentiri
835 3332 936 3416 igitur
946 3333 1053 3413 potius
1070 3331 1306 3416 congruentiam

138 3425 318 3500 temporum
352 3426 499 3501 oportet,
536 3438 608 3484 curn
636 3419 807 3484 verborum
837 3419 949 3483 formis
980 3437 1043 3483 non
1075 3418 1119 3484 333
1151 3433 1307 3500 expressa.

138 3507 267 3571 Tertius
291 3507 341 3570 hic
365 3514 431 3572 est:
457 3508 600 3571 blaccime
622 3506 728 3570 collem
747 3507 889 3586 primum
911 3526 1032 3586 semiper
1055 3511 1153 3569 tecum
1173 3506 1308 3586 sairam,

140 3594 221 3674 quod
243 3593 366 3673 quidem
389 3595 445 3658 tibi
466 3594 744 3668 ostenderam,
770 3613 855 3655 cmm
880 3615 900 3655 a
922 3615 969 3655 me
987 3591 1130 3672 Capisam
1153 3593 1310 3676 rejicie-

137 3681 231 3744 bam.
268 3680 336 3742 Att.
365 3679 462 3753 VIII,
486 3687 534 3758 11,
558 3679 602 3745 D.
626 3683 654 3744 5.
692 3681 728 3744 In
752 3680 905 3744 hocloco
929 3679 1164 3744 sententiarum
1179 3681 1312 3747 alteram

138 3767 244 3832 333333
268 3767 421 3831 contineri
445 3768 569 3830 notavit
592 3767 687 3830 etiarn
712 3765 912 3831 Hofmannus
930 3767 963 3850 (3.
988 3767 1008 3830 3.
1032 3785 1063 3846 p.
1090 3767 1176 3849 102).
1212 3770 1311 3850 Atque

138 3859 277 3935 apparet
299 3854 651 3934 plusquamperfectum
674 3855 868 3918 ostenderam
891 3873 952 3918 non
980 3855 1175 3918 antecedens
1200 3857 1311 3935 imper·

137 3940 222 4006 fecto
256 3939 432 4022 rejiciebam
466 3946 593 4020 tempus
626 3939 824 4020 significare,
859 3960 930 4005 33333
961 3941 1030 4005 3333
1063 3939 1160 4008 dubio
1184 3939 1311 4006 verbum

136 4028 314 4110 rejiciebam
344 4027 546 4092 referendum
571 4027 679 4091 33333
703 4026 1073 4105 verbumosteaderom,
1107 4046 1169 4092 non
1194 4032 1311 4093 contra.

138 4115 203 4181 Sed
227 4116 390 4181 antecedit
413 4115 502 4180 verbi
525 4113 720 4177 ostcmderam
742 4119 868 4195 tempus
893 4115 922 4178 ei
946 4115 1093 4195 tempori,
1118 4116 1202 4194 quod
1219 4111 1311 4178 verbo

137 4204 242 4266 uellem
271 4205 441 4268 indicatur.
492 4197 685 4281 imperfecto
717 4206 824 4266 autem
856 4201 1034 4281 rejiciebam
1065 4201 1150 4266 idem
1181 4206 1310 4281 tempus,

138 4290 221 4372 quod
244 4289 561 4370 plusquamperfecto
584 4288 782 4352 3333333333
804 4288 1007 4372 intelligitur.
1055 4287 1110 4369 (cf.
1133 4288 1169 4352 L.
1195 4281 1310 4352 m-Ia
