2924 4904
545 1287 821 1371 Prooemium.

186 1491 235 1556 De
268 1487 621 1556 coincidentibus
651 1489 892 1555 sententiis
915 1491 1012 1572 primi
1035 1492 1280 1574 disputaverunt

98 1580 381 1643 Lattmannus
413 1581 457 1642 et
485 1574 739 1657 Muellerus,
775 1595 846 1641 cum
876 1596 958 1658 quae
988 1579 1163 1646 relationes
1194 1580 1280 1646 inter

98 1671 247 1746 tempora
269 1664 440 1730 verborum
462 1668 595 1744 possent
618 1663 834 1743 intercedere,
870 1672 1066 1746 exponerent
1088 1669 1121 1732 in
1143 1685 1277 1749 gramm.

100 1753 159 1818 lat.
183 1752 233 1816 ed.
257 1771 286 1817 a.
314 1756 406 1816 1863.
453 1753 559 1831 Atque
582 1754 650 1814 tres
675 1767 747 1814 esse
769 1750 946 1817 relationes
968 1757 1147 1835 temporum
1170 1755 1278 1819 volue-

100 1844 185 1920 runt,
210 1838 462 1920 congruentiam,
486 1837 764 1914 antecedentiam,
788 1837 1043 1904 coincidentiam.
1088 1841 1138 1905 De
1161 1841 1278 1907 coinci-

101 1926 212 1990 dentia
244 1930 353 1991 autem
384 1925 416 1988 in
447 1923 502 1988 illo
525 1923 607 1988 libro
631 1924 648 2006 ἓ
674 1928 734 1988 109
757 1923 838 1988 haec
860 1931 1054 2006 posuerunt:
1089 1927 1211 2012 „Wenn
1234 1928 1280 1992 im

100 2012 225 2093 Haupt·
249 2011 314 2077 und
336 2010 541 2076 Nebensatze
564 2008 715 2075 dasselbe
728 2009 860 2091 Subject
882 2012 952 2078 sich
974 2011 1085 2095 findet,
1108 2014 1173 2079 und
1196 2015 1278 2080 auch

99 2099 151 2164 die
177 2099 293 2164 beiden
315 2098 488 2163 Prodicate
511 2097 672 2162 identisch
696 2097 788 2176 sind,
821 2098 899 2163 oder
928 2117 964 2164 so
995 2100 1277 2182 gewissermassen

100 2184 408 2268 ineinanderfallen,
439 2185 515 2250 dass
548 2183 599 2248 die
629 2184 700 2248 eine
723 2183 899 2269 Handlung
928 2187 961 2250 in
993 2187 1051 2252 der
1073 2187 1196 2252 andern
1218 2187 1278 2252 mit

100 2273 266 2338 enthelten
288 2273 341 2349 ist,
364 2290 400 2337 so
423 2289 510 2337 muss
532 2272 565 2334 in
588 2271 646 2336 der
659 2271 760 2351 Regel
784 2271 866 2337 auch
884 2272 917 2336 in
935 2272 1048 2339 beiden
1061 2273 1179 2340 Satzen
1203 2274 1277 2340 das·

99 2359 188 2426 selbe
201 2361 361 2478 “Tempus
392 2359 516 2425 stehen.
566 2357 680 2423 Solche
713 2356 809 2423 Sttze
840 2361 939 2425 nen'nt
967 2378 1042 2426 man
1076 2361 1277 2427 coincidente

100 2447 227 2512 Stltze.

186 2533 275 2610 Quae
297 2551 351 2597 res
374 2531 490 2597 deinde
519 2530 629 2596 multis
659 2531 814 2611 exemplis
843 2530 1015 2615 probatur,
1048 2533 1080 2597 in
1104 2533 1219 2616 quibus
1243 2538 1277 2600 et

100 2621 206 2686 omnia
228 2618 398 2685 verborum
420 2623 567 2700 tempora
589 2618 767 2683 invenimus
791 2624 823 2683 et
847 2619 945 2684 variis
961 2620 1202 2702 pronominibus
1224 2621 1276 2687 vel

101 2707 270 2787 particulis
301 2705 534 2771 sententiarum
564 2703 710 2770 membra
739 2707 889 2788 conjungi
920 2706 1074 2773 videmus.
1120 2707 1212 2785 Quod
1235 2726 1275 2773 ex

99 2794 210 2874 paucis
234 2794 375 2859 locorum
399 2796 619 2872 cognoscatur.
667 2789 758 2856 Gom
780 2799 919 2857 nosceta
942 2794 1062 2875 dicit,
1092 2792 1149 2859 boc
1170 2795 1211 2859 dc'
1219 2795 1277 2858 cit

100 2901 190 2945 nosce
213 2881 475 2944 murmuratorem.
507 2876 569 2943 Orc.
591 2883 667 2942 iaso.
690 2882 720 2957 1,
744 2881 799 2944 52.
845 2878 936 2944 Cam
962 2879 1121 2945 Collatiae
1143 2880 1276 2964 collaque

98 2967 226 3032 Brutos
248 2968 413 3047 imperium
436 2965 678 3047 obrepebat,
708 2971 880 3045 poterat
901 2967 1002 3031 cidari
1019 2969 1127 3048 fircera
1147 2969 1274 3050 injuste.

101 3053 133 3118 O.
158 3055 209 3134 off.
232 3059 263 3130 3,
288 3057 338 3118 40.
384 3051 539 3116 Lectulus
562 3051 763 3133 quidquid
793 3052 964 3132 babuit,
999 3060 1276 3136 quantumcunque

96 3143 169 3222 fail,
193 3141 343 3205 babuit
364 3160 403 3204 cx
425 3139 606 3218 disciplina.
631 3137 666 3203 O.
680 3137 775 3202 Brut.
791 3143 868 3204 268.
914 3139 1084 3206 Fecisti
1106 3141 1184 3206 miti
1200 3162 1277 3222 per-

98 3234 233 3308 protam,
255 3226 355 3309 qood
377 3225 562 3306 Serapionis
587 3224 703 3289 libram
726 3227 768 3290 od
789 3246 837 3290 me
858 3227 1029 3292 elisisti.
1053 3227 1086 3295 0.
1109 3231 1177 3292 Act.
1200 3232 1233 3306 2,
1246 3233 1277 3293 4.

99 3314 373 3396 Ecspectotc'oaem
402 3312 493 3377 uobis
521 3331 588 3377 uolo
615 3332 754 3392 porcam
783 3313 1015 3392 attulerat,
1049 3335 1138 3400 cum
1167 3314 1277 3380 scri-

92 3421 253 3484 pseras,
276 3420 405 3466 causum
427 3404 568 3464 nostram
590 3398 774 3481 Pompcjum
796 3405 875 3464 certe
896 3406 1121 3481 susceptarum.
1149 3401 1184 3467 0.
1207 3400 1275 3465 Aac.

98 3493 203 3572 3,18.
248 3488 319 3571 Epo
344 3492 468 3551 tantam
489 3507 538 3550 ace
568 3487 649 3550 scire
672 3486 863 3567 potabo,
896 3493 1113 3567 quautam
1144 3508 1182 3552 ea
1212 3487 1276 3552 tuis

100 3574 214 3640 litteris
246 3573 402 3658 copadium
431 3572 593 3638 habebo.
638 3571 672 3638 0.
692 3575 771 3654 sora.
794 3576 845 3656 15,
867 3577 921 3638 20.
978 3574 1169 3657 Perpralam
1198 3574 1277 3639 mibi

95 3663 288 3744 feceris,
310 3661 348 3725 sa'
370 3661 408 3725 dc
431 3660 574 3724 amicitia
596 3659 836 3741 disputaris
857 3660 934 3742 qaid
949 3662 1082 3728 scalcos,
1106 3660 1141 3726 0.
1153 3682 1212 3725 om.
1226 3665 1277 3726 16.

185 3747 479 3814 Demonstrandum
501 3746 643 3825 videtur,
678 3746 755 3829 quid
784 3752 881 3812 antea
910 3748 971 3812 viri
1002 3749 1204 3830 grammatici
1235 3748 1275 3812 de

99 3834 372 3902 enuntiationibus
397 3834 466 3915 cJ'us
483 3834 610 3916 generis
623 3834 808 3916 judicarint.
853 3833 966 3915 Neque
989 3853 1066 3901 vero
1088 3837 1205 3901 mirum
1226 3840 1278 3899 est

99 3941 116 3986 a
133 3922 296 4004 plerisque
313 3921 392 3986 nihil
412 3920 452 3985 de
469 3939 507 3985 ea
523 3939 559 3986 re
578 3939 651 3986 esse
665 3921 874 4003 disputatum,
900 3940 969 3987 cum
993 3940 1034 3987 ne
1058 3921 1098 3988 de
1121 3920 1279 3987 relatione

99 4009 228 4090 quidem
248 4015 428 4090 temporum
445 4007 572 4073 omnino
589 4009 763 4091 quidquam
783 4009 968 4075 statuerint.
1014 4009 1106 4087 Quod
1128 4010 1278 4091 neglexe-

99 4103 174 4161 runt
200 4115 263 4162 non
294 4095 398 4162 solum
428 4095 617 4160 vetustioris
646 4096 766 4161 aetatis
791 4113 921 4174 omncs,
952 4097 1082 4178 opinor,
1115 4093 1280 4177 usquead

100 4182 365 4261 Ramshomium‚
396 4181 454 4248 sed
478 4182 576 4246 etiam
601 4201 726 4266 corum,
756 4181 810 4264 qui
832 4187 907 4263 post
929 4183 1012 4249 hunc
1034 4183 1137 4248 virum
1161 4181 1280 4248 doctis·

102 4269 214 4336 simum
231 4269 463 4356 grammaticas
477 4276 740 4352 composuerunt,
763 4269 917 4348 nonnulli,
941 4269 1029 4335 velut
1046 4269 1140 4336 Zum
1153 4289 1174 4353 p
1185 4270 1281 4352 tius,

989 4382 1004 4442 1
