2924 4904
707 356 746 417 13

140 524 189 590 dit
212 545 251 590 ox
274 545 345 592 ann.
364 531 382 592 2
406 527 611 606 nausimus,
635 526 752 608 inquo
775 525 860 591 idem
883 527 915 592 in
938 531 1075 610 utraque
1093 528 1313 596 enuntiatione

137 611 318 694 subjectum
331 614 541 697 intelligitur:
565 613 842 679 Jocandtssr‘murn
856 614 934 679 mibi
952 615 1039 697 fuit
1061 615 1101 698 (r'.
1125 637 1149 681 e.
1173 617 1315 682 marimo

136 719 208 764 aram
231 700 353 766 laetitio
376 702 541 785 affectos),
571 703 653 783 qood
676 701 849 782 copaoor'
878 720 963 766 raeos
992 702 1049 766 ttbt
1077 703 1221 768 redditas
1250 723 1315 768 esse

137 786 271 853 litteras.
298 790 528 872 fom.12,19.
575 791 611 853 ln
641 789 691 853 his
720 788 799 853 locis
833 788 1058 854 delectationis
1086 791 1137 856 vel
1169 790 1314 857 laetitiae

139 874 189 939 vel
213 875 297 956 ejus,
328 896 409 958 quae
432 875 531 942 verbo
555 873 759 959 ,respiraro“
784 873 998 960 significatur,
1026 876 1195 942 levationis
1218 878 1315 942 animi

140 979 257 1026 causae
287 963 327 1027 iis
357 962 632 1029 enuntiationibus
663 962 902 1045 exprimuntur,
935 982 1017 1044 quae
1040 962 1316 1046 conjunctionibus

140 1048 253 1131 ,cum“
276 1050 327 1114 vel
351 1051 418 1135 ,si“
444 1051 494 1117 vel
520 1048 646 1134 ,quod“
671 1050 896 1131 adJunguntur.
942 1051 986 1115 Et
1005 1055 1141 1132 possunt
1164 1050 1226 1116 hae
1243 1070 1315 1117 sen-

139 1136 263 1201 sentiae
285 1136 333 1201 ita
355 1137 572 1203 coincidentes
595 1137 717 1214 haberi,
741 1143 777 1201 ut
800 1137 862 1217 ipsi
884 1141 990 1202 motus
1012 1138 1060 1202 illi
1083 1138 1181 1203 animi
1203 1142 1236 1202 et
1260 1157 1312 1203 eo-

137 1240 210 1286 rum
233 1241 349 1288 causae
373 1225 405 1288 in
429 1243 525 1290 unum
549 1225 665 1289 cadere
687 1223 848 1305 dicantur,
872 1229 909 1287 ut
931 1242 989 1289 nos
1012 1225 1184 1291 vernacula
1206 1225 1315 1307 lingua

140 1309 248 1374 dicere
272 1311 427 1376 solemus:
453 1312 541 1394 ,Das
559 1310 734 1377 Schreiben
757 1329 824 1374 war
846 1311 907 1374 mir
930 1312 981 1374 ein
998 1311 1202 1395 Vergniigen,
1226 1312 1314 1378 disse

138 1394 315 1462 Nachrioht
338 1417 403 1463 war
424 1400 486 1463 mir
509 1400 580 1463 eine
600 1416 711 1481 grosse
735 1397 881 1462 Frende“
907 1402 940 1462 et
963 1399 1027 1464 alia
1051 1399 1209 1463 similiter.

225 1570 440 1638 Transeamus
462 1573 581 1638 omisso
605 1573 709 1637 altero
730 1573 876 1653 protinus
901 1572 943 1636 ad
964 1572 1097 1637 tertium
1117 1571 1316 1656 paragraphi

138 1656 252 1735 locum,
277 1661 330 1739 qui
352 1660 403 1725 his
424 1659 532 1725 verbis
556 1661 746 1740 exponitur:
779 1659 908 1742 „Etwas
937 1658 1036 1724 freier
1066 1660 1223 1743 gestaltet
1245 1660 1315 1726 sich

139 1743 191 1808 die
214 1745 400 1828 Beniehung
430 1747 488 1811 der
519 1747 729 1826 coincidenz,
763 1764 809 1809 wo
840 1747 1019 1826 temporale
1051 1747 1313 1828 Coniunctionen,

138 1829 315 1898 besonders
344 1834 420 1899 dum
450 1835 515 1899 und
544 1853 617 1899 cum
646 1833 709 1897 den
739 1831 924 1898 Nebensatz
959 1851 1001 1897 an
1039 1834 1100 1897 den
1131 1833 1313 1914 Hauptsatz

138 1916 291 1999 kntipfen.
336 1921 387 1986 Da
410 1923 442 1985 in
466 1921 578 1986 diesen
602 1920 854 2001 OonJunctionen
877 1918 981 1984 selbst
1002 1920 1067 1985 und
1090 1921 1123 1984 in
1146 1920 1203 1984 der
1219 1919 1314 1985 Wahl

139 2004 283 2088 gleicher
305 2007 464 2089 Tempora
487 2010 585 2074 schon
609 2007 779 2092 geniigend
803 2007 1002 2091 angedeutet
1023 2006 1086 2086 ist,
1119 2007 1195 2073 dass
1219 2007 1313 2073 beide

139 2091 312 2158 Pradicate
334 2095 522 2160 zeitlich
544 2095 641 2176 udllig
665 2094 959 2176 zusammenfallen,
983 2112 1019 2158 so
1041 2095 1128 2158 kann
1151 2095 1202 2160 die
1219 2094 1313 2159 Iden·

138 2179 215 2243 titat
247 2181 326 2245 oder
355 2182 414 2247 das
441 2181 734 2248 Ineinanderfallen
763 2181 821 2246 der
843 2181 1014 2246 Pradicate
1044 2181 1114 2246 sich
1142 2181 1185 2245 im
1210 2183 1314 2246 Aus-

140 2265 298 2333 drucke
332 2269 413 2334 noch
442 2270 533 2333 mehr
560 2269 770 2348 verstecken,
800 2267 864 2332 und
889 2268 972 2332 auch
1003 2267 1054 2333 die
1077 2268 1233 2334 Identitdt
1257 2268 1314 2333 des

139 2350 291 2434 Subjects
321 2355 365 2420 ist
394 2356 487 2420 keine
510 2357 732 2438 nothwendige
755 2356 943 2437 Forderung
964 2353 1086 2419 mohr“.
1131 2354 1316 2436 Sequuntur

140 2442 285 2521 exempla
308 2443 465 2508 undecim.
512 2443 633 2520 Quibus
655 2442 779 2524 verbis,
813 2442 841 2506 si
871 2461 910 2506 ea
937 2447 1026 2506 recte
1051 2441 1217 2526 intelligo,
1253 2442 1314 2507 hoo

139 2527 217 2590 mihi
248 2528 312 2592 dici
340 2529 485 2594 videtur:
520 2533 551 2594 in
583 2527 856 2594 enuntiationibus
885 2528 1117 2610 temporalibus
1146 2529 1315 2610 particulis

140 2615 337 2695 conjunctis,
372 2618 515 2697 quamvis
547 2618 732 2697 discrepent
764 2617 849 2679 inter
881 2633 916 2680 se
946 2620 996 2690 vel
1024 2614 1242 2696 subjectorum
1264 2615 1316 2681 vel

138 2701 399 2781 praedicatorum
421 2702 593 2784 vocabula,
626 2709 736 2768 tamen
759 2700 828 2779 fieri
850 2720 959 2783 posse,
992 2706 1029 2766 ut
1058 2720 1126 2767 res
1155 2703 1188 2766 in
1218 2720 1315 2768 unum

141 2787 267 2870 cadant,
290 2807 343 2854 res
368 2791 472 2855 altera
494 2790 599 2855 altera
615 2790 828 2855 contineatur.
872 2788 955 2853 Nam
977 2788 1036 2853 hoc
1060 2793 1092 2853 et
1115 2807 1154 2853 ex
1176 2807 1214 2854 eo
1236 2789 1315 2854 mihi

141 2873 223 2939 effici
246 2875 384 2959 videtur,
407 2876 492 2958 quod
506 2876 641 2943 verbum
664 2877 728 2960 ,im
746 2872 955 2941 Ausdruoke“
979 2880 1111 2956 praeter
1133 2882 1242 2941 cetera
1265 2881 1314 2959 ty·

140 2963 190 3042 pis
214 2962 347 3042 eminet,
380 2970 413 3028 et
441 2983 480 3029 ex
509 2965 579 3045 ipso
610 2965 736 3029 nomine
764 2962 1006 3028 coincidentiae.
1053 2961 1117 3028 Sed
1143 2963 1230 3028 inter
1259 2981 1312 3028 ex·

141 3051 246 3129 empla
269 3049 369 3114 allata
392 3057 524 3132 praeter
547 3051 626 3133 duo,
650 3070 731 3132 quae
756 3068 853 3130 supra
876 3050 1192 3115 commemoravimus
1215 3068 1246 3131 p.
1263 3054 1313 3131 12,

139 3136 261 3201 nullum
284 3142 344 3215 est,
367 3139 452 3219 quod
475 3138 612 3219 quadret
628 3138 661 3201 in
677 3138 759 3202 hanc
775 3137 942 3216 rationem,
965 3142 1096 3218 praeter
1117 3155 1213 3202 unum
1236 3136 1314 3204 hoc:

141 3220 273 3287 Catulos
304 3225 426 3304 cepit
454 3245 601 3307 mapsam
630 3244 708 3288 suae
735 3225 863 3288 virtutis
897 3225 1036 3304 fractam
1068 3244 1104 3288 oc
1136 3223 1314 3307 asportatas,

139 3328 208 3373 com
236 3328 340 3374 omnes
372 3331 438 3375 ono
465 3332 569 3393 prope
595 3330 667 3375 occe
696 3313 733 3375 tn
760 3312 830 3391 tpso
860 3329 916 3375 ooo
945 3330 1030 3391 spem
1059 3311 1219 3376 babituros
1249 3331 1315 3377 esse

138 3395 334 3462 dixistis,
381 3399 475 3462 Mart.
498 3401 549 3463 59.
594 3397 678 3462 Nam
708 3398 741 3462 in
771 3398 822 3463 his
851 3395 958 3463 verbis
986 3397 1048 3462 etsi
1077 3397 1205 3463 diversa
1238 3403 1315 3465 sunt

141 3488 174 3548 et
197 3483 344 3565 subjecta
367 3492 400 3550 et
421 3486 627 3567 praedicata,
656 3489 766 3550 tamen
785 3485 819 3550 id
841 3485 966 3566 ipsum,
990 3485 1075 3566 quod
1098 3484 1241 3562 Quirites
1265 3485 1312 3551 di·

140 3575 271 3650 xerunt,
302 3571 426 3638 fructus
454 3572 554 3638 luisse
582 3571 701 3638 dicitur
724 3592 744 3638 a
766 3572 881 3638 Catulo
904 3577 1028 3653 captus.
1075 3573 1179 3654 Atque
1201 3572 1262 3638 hoc
1285 3572 1314 3638 si

139 3655 285 3738 pluribus
308 3660 461 3741 exemplis
485 3660 702 3726 demonstrari
727 3659 848 3741 possit,
884 3658 1100 3725 coincidentes
1133 3660 1312 3726 sententias

140 3744 238 3809 etiam
261 3745 416 3829 inveniri,
451 3766 521 3813 cum
545 3748 673 3813 diversa
696 3747 761 3813 sint
784 3745 949 3828 subJ'ecta,
984 3764 1063 3812 sane
1085 3747 1221 3828 aliquus
1244 3745 1313 3812 fore

139 3833 293 3897 momenti
313 3834 392 3899 mihi
413 3834 551 3900 videtur.
597 3834 660 3900 Sed
691 3853 730 3898 ex
757 3833 891 3916 reliquis
921 3832 1075 3915 exemplis
1106 3835 1227 3900 nullum
1251 3838 1311 3914 est,

139 3916 172 3982 in
203 3938 265 4000 quo
294 3922 512 3988 coincidentes
545 3921 725 3988 sententias
759 3939 936 4006 agnoscere
969 3920 1100 4002 possim.
1158 3921 1313 4002 Exempla

139 4010 213 4071 sunt
243 4007 342 4074 haec:
381 4007 459 4074 Com
490 4008 688 4074 Artaxerxes
717 4008 875 4091 Aeppptio
906 4009 974 4091 repa'
1002 4006 1114 4072 bellam
1145 4007 1312 4089 inferre

138 4092 294 4174 ocidit,
336 4095 526 4176 lpbt'erotem
563 4096 602 4160 ob
630 4096 878 4162 Atheniensibus
908 4095 1014 4159 dacem
1041 4095 1223 4175 petiuit.
1268 4093 1311 4160 N.

138 4181 187 4263 11,
209 4183 240 4244 3.
289 4179 385 4247 Gallo
407 4184 610 4262 porroet,
640 4203 708 4249 cam
725 4183 873 4265 proxime
895 4181 1014 4247 Romae
1040 4181 1126 4263 fui,
1158 4181 1234 4263 qaid
1256 4201 1312 4246 aa·

139 4265 262 4336 diesem.
308 4268 376 4335 Att.
399 4275 455 4350 13,
479 4275 531 4336 49.
584 4270 674 4349 Noa,
713 4290 783 4336 cara
812 4270 849 4334 ia
879 4274 1042 4352 conspecto
1071 4266 1174 4334 Romo
1202 4269 1223 4353 f
1231 4268 1277 4334 ai
1290 4276 1312 4357 t,
