2924 4904
706 326 766 390 100

140 495 455 575 1777.Ρ777.9,25.
499 496 692 577 Hoeoidco,
726 497 955 562 dnuulrreoiter
987 496 1319 579 uolnerimdicere,

140 584 228 648 dict
216 589 297 647 7777
318 604 339 646 7
359 547 522 664 diepaulo
545 584 948 650 esseolrsruriusdeor.
971 583 1001 663 I,
1024 586 1173 665 41,187.
1204 581 1321 664 Deque

138 671 172 752 (i.
208 688 235 734 7.
271 670 463 754 Chrysippo)
504 671 594 752 queri
634 671 751 754 solent,
792 671 903 754 Stoici,
940 672 1015 735 darn
1047 671 1186 735 studiose
1221 670 1322 734 aucuia

139 758 419 838 conquisierit
456 763 569 822 contra
602 777 715 822 seusus
749 762 777 822 et
803 760 1002 839 perspicuita
969 763 1105 822 ta.teru
1163 757 1323 837 „ipsun

138 843 200 908 sili
231 845 466 924 respondentem
500 845 684 925 7777777777
713 845 865 926 fuisse.
918 845 977 910 Ac.
1007 865 1059 924 pr.
1092 805 1170 926 11,
1182 846 1245 919 27,
1272 845 1322 907 87.

138 929 340 996 Existimo,
398 951 496 996 ‚uec
532 932 670 996 Marcel
670 952 723 995 aru
759 932 845 1012 apud
881 930 1072 999 Clastidium
1106 930 1176 994 ideo
1212 931 1278 1011 fort
1279 949 1323 993 eru

135 1017 286 1100 fuisse,
308 981 556 1100 quiafuerit
578 1018 691 1083 irat.as
715 1023 791 1082 tusc.
807 1017 868 1098 IV,
892 1023 949 1098 22,
972 1022 1015 1083 49
1038 1015 1321 1103 (quodedharum

139 1105 376 1170 sententiarum
399 1104 590 1171 coincident'
567 1111 704 1171 ttmma
706 1105 797 1180 tinet,
774 1104 861 1170 tcl.
884 1104 928 1171 ib.
952 1105 969 1188 ἓ
994 1110 1045 1187 50,
1068 1123 1163 1186 quarn
1186 1124 1241 1169 777
1263 1104 1323 1167 irc·

141 1192 290 1257 candiani
323 1211 390 1255 esse
422 1192 576 1270 uultis,
650 1193 770 1273 ,77777
759 1192 876 1274 777777).
931 1191 1043 1256 Euist'
1016 1197 1138 1255 tuno.
1198 1238 1223 1274 .,
1256 1209 1323 1271 qno·

138 1279 226 1342 77777
269 1279 307 1342 de
344 1297 379 1342 77
417 1279 508 1360 7777
496 1300 545 1343 ca
590 1240 690 1343 nuulta
734 1278 987 1360 quaesieriute
972 1283 1001 1343 et
1043 1277 1322 1357 scripserint,

134 1366 309 1446 7777777
340 1385 428 1430 7777
461 1365 568 1447 aliquo
600 1366 647 1430 rei
676 1365 826 1445 publicae
859 1385 995 1430 munere.
1039 1384 1106 1445 rep.
1130 1363 1170 1444 I,
1206 1368 1244 1444 7,
1275 1368 1322 1427 lt.

141 1451 275 1517 Ostende
303 1472 368 1516 non
400 1453 487 1516 undo
520 1453 603 1516 uilril
635 1473 743 1516 777777
772 1453 885 1533 fecisse
914 1453 986 1519 877.
1018 1451 1184 1529 17777777,
1214 1451 1269 1516 sed
1289 1470 1325 1513 ue

133 1538 329 1619 potuisse
350 1538 474 1622 quideuu
492 1540 604 1620 777777,
626 1539 710 1621 qnod
732 1560 829 1621 neque
851 1539 972 1603 Ranae
993 1539 1103 1602 ruultis
1125 1538 1324 1619 77777777·

136 1626 212 1708 777,
248 1645 346 1706 ueque
379 1627 416 1690 de
442 1626 590 1706 praediis
623 1647 765 1708 unquanu
788 1633 900 1690 tenuere
931 1625 1187 1690 discesserit.
1236 1624 1323 1688 Rosa

139 1713 213 1776 Aru.
235 1715 288 1796 29,
312 1716 362 1778 79.
411 1712 465 1777 177
498 1733 628 1778 censeo:
662 1713 789 1794 77770.
815 1712 985 1793 Caepionis
1005 1711 1107 1776 Bruti
1124 1731 1186 1791 pro
1208 1710 1325 1776 consule

136 1818 242 1879 opera,
268 1800 410 1877 consilio,
433 1800 606 1882 industria,
631 1801 746 1863 uirtute
772 1847 778 1862 .
804 1848 811 1862 .
835 1850 843 1864 .
865 1800 1007 1882 leqioues,
1031 1800 1195 1875 7777777777,
1210 1798 1324 1880 equita

139 1891 191 1950 tus
213 1887 250 1950 in
276 1887 455 1970 consulum,
490 1894 620 1951 senatus
638 1886 811 1967 populique
832 1887 974 1951 17777777
990 1890 1145 1966 potestate
1165 1885 1270 1963 siut,
1294 1884 1325 1948 id

136 1972 171 2052 0.
198 1972 385 2053 Caepionem
402 1994 464 2054 pro
489 1974 614 2039 consule
634 1973 709 2037 leue
721 1979 749 2037 77
761 1993 777 2037 7
789 1973 960 2054 republica
976 2020 983 2034 .
998 2019 1005 2036 .
1020 2022 1028 2038 .
1043 1973 1208 2054 fecisse.
1242 1970 1324 2036 Plil.

138 2058 181 2140 X,
206 2064 256 2141 11,
277 2064 329 2124 25.
366 2060 435 2136 077
458 2061 490 2124 in
515 2062 585 2125 loco
609 2061 690 2125 haec
712 2058 812 2125 verbo
834 2061 868 2125 u'n
885 2064 1039 2140 potestate
1061 2060 1128 2123 siut
1150 2057 1325 2141 perfectam

139 2146 300 2210 actionem
324 2147 498 2226 continere,
522 2149 611 2212 velut
633 2148 689 2212 sub
708 2152 894 2228 potestaten
917 2147 1037 2211 redacti
1057 2148 1144 2224 siut,
1178 2165 1217 2210 ex
1240 2144 1325 2211 obla·

140 2232 216 2297 tivis
240 2233 305 2298 illis
329 2254 442 2314 opera,
475 2235 604 2298 consilio
628 2239 696 2298 7777.
719 2235 891 2314 colligitur.
938 2233 1040 2300 Simili
1062 2234 1190 2298 ratione
1212 2233 1246 2297 in
1268 2232 1325 2297 olio

140 2319 211 2384 loco
234 2321 418 2400 praesentis
442 2322 663 2402 conjunctivus
673 2339 749 2386 cum
765 2320 977 2402 conjunctivis
992 2319 1130 2402 perfecti
1143 2319 1326 2400 conJ'unctus

141 2406 320 2485 invenitur,
352 2407 424 2472 dico
447 2408 531 2473 hunc
554 2409 677 2473 locum:
705 2408 770 2471 His
791 2407 892 2472 cerlis
915 2454 923 2470 .
946 2456 954 2471 .
976 2457 983 2472 .
1004 2413 1135 2471 senatus
1157 2407 1326 2471 consultatu

134 2492 318 2572 sacienduru
348 2513 472 2558 censeo:
506 2515 575 2558 cunr
606 2493 651 2558 D.
672 2494 797 2559 Brutus
830 2495 1019 2577 inperator,
1054 2491 1162 2558 consul
1184 2494 1326 2576 desipue-

138 2584 200 2662 tus,
220 2581 419 2661 prouinciam
445 2580 589 2645 Galliaru
611 2583 646 2646 iu
678 2586 809 2645 seuotus
827 2581 1000 2662 populique
1023 2579 1162 2645 Romani
1178 2584 1327 2660 potestate

138 2672 296 2746 teneat,
327 2669 709 2751 cuniqueeuercituuc..
735 2667 1092 2766 .7777777777777,
1126 2686 1325 2748 77777777-

138 2755 217 2832 777
251 2755 285 2818 id
319 2775 389 2819 euru
411 2760 490 2819 recte
512 2761 539 2818 et
563 2755 676 2820 ordine
698 2775 794 2835 euque
824 2776 859 2818 re
874 2755 1006 2835 775777
1030 2754 1200 2835 7777777.
1246 2753 1326 2819 Pan

143 2804 251 2922 V,1'3‚
274 2840 395 2925 36(71.
419 2861 449 2922 p
476 2842 615 2925 98).-
654 2842 777 2922 077777.
757 2845 853 2919 7,20
875 2845 928 2905 62.
966 2841 1061 2906 Rosc
1082 2840 1155 2905 Aru.
1178 2844 1231 2920 49,
1256 2845 1325 2905 142.

138 2891 319 3007 1777778.
352 2929 706 3011 3595777789)
752 2928 830 2994 8777.
854 2933 948 3010 2,.4
987 2931 1163 3011 77415.
1200 2925 1327 3010 77711,

141 3017 169 3090 5,
194 3018 242 3078 11.
278 3014 376 3078 Brut.
401 3019 451 3092 14,
477 3019 528 3080 54.
562 3020 614 3094 73,
637 3018 716 3080 254.
748 3017 806 3096 777.
836 3014 948 3097 7,22,
973 3019 1024 3080 64.
1053 3015 1106 3096 off.
1107 3002 1202 3093 ΙΙΙ,
1224 3017 1254 3092 7,
1277 3018 1325 3077 34.

138 3063 317 3180 77771711,
340 3105 420 3184 1,1.
449 3101 534 3167 Vcru
559 3065 631 3184 111,
655 3107 706 3178 66,
731 3105 801 3167 155.
825 3063 910 3166 Plu.
936 3101 1021 3180 XII,
1044 3103 1073 3181 7,
1097 3104 1149 3166 15.
1169 3064 1326 3181 77771Χ,

138 3192 222 3287 Μ.
246 3186 280 3266 0.
307 3189 351 3268 77.
373 3187 402 3266 I,
425 3191 444 3250 1
477 3187 731 3277 2771771
699 3192 720 3252 8
752 3192 782 3252 1.
818 3189 945 3255 Huct
913 3189 1117 3254 etiamhunc
1140 3189 1326 3268 locumper·

139 3275 244 3338 tinere
277 3274 412 3339 censeo:
473 3277 519 3339 cio
554 3281 583 3338 77
612 3294 737 3373 semper
766 3296 882 3340 77777777
913 3277 949 3339 77
973 3277 1058 3340 777777
1073 3275 1228 3424 fnisse,
1263 3293 1326 3339 curu

139 3360 375 3426 7777777777
409 3382 477 3426 curu
510 3363 635 3426 illud
623 3382 808 3444 iuqeusuua
777 3363 874 3427 777777
897 3364 1029 3428 alterius
1051 3362 1157 3425 utrius
1179 3361 1327 3425 7777777777

142 3449 360 3512 7777777777
350 3448 528 3527 interitum,
559 3457 624 3512 7777
657 3468 729 3512 7777
753 3470 777 3513 7.
799 3471 826 3531 q.
849 3470 873 3513 s.
893 3454 972 3531 7777.
997 3449 1070 3524 ΙΧ,
1094 3451 1130 3526 6,
1155 3451 1186 3510 3.
1231 3448 1326 3511 Recte

142 3455 231 3598 eenim
253 3535 286 3597 in
310 3534 379 3598 cod.
403 3535 445 3599 M.
469 3535 535 3619 legi
556 3537 665 3618 judico
695 3537 939 3615 uiderimus,
970 3553 1073 3615 neque
1103 3552 1176 3598 com
1200 3533 1325 3612 Orellio,

143 3621 285 3699 Baitero,
310 3623 428 3686 ceteris
451 3621 655 3687 scribendum
679 3622 760 3688 duco
784 3623 964 3687 7777777777.
1008 3622 1088 3686 Nam
1113 3621 1234 3702 optime
1256 3638 1325 3686 con·

145 3713 266 3791 gruunt
289 3712 437 3788 tempora
458 3709 629 3774 uiderimus
652 3715 685 3775 et
706 3711 741 3774 iu
757 3711 843 3775 luctu
856 3711 968 3791 777777,
991 3714 1026 3774 ut
1041 3709 1101 3772 hoc
1115 3709 1325 3790 exprimatur:

142 3794 251 3858 uidere
287 3794 368 3859 illud
406 3795 521 3877 ingens
553 3798 672 3862 mulum
707 3803 740 3862 et
768 3798 878 3879 lugere
901 3815 996 3862 unum
1019 3794 1129 3860 fuisse.
1175 3796 1220 3860 Et
1241 3798 1326 3860 recta

146 3882 292 3946 oratione
316 3881 378 3947 dici
401 3881 508 3963 potuit
527 3901 648 3964 suuper
669 3884 705 3949 iu
730 3884 814 3950 luctu
833 3884 972 3966 7777777,
1007 3902 1075 3947 cunr
1107 3882 1244 3947 uidimus
1277 3879 1324 3961 (oi.

232 4140 351 4206 Omnes
383 4143 416 4206 hi
436 4142 496 4208 loci
521 4145 597 4205 sunt
619 4148 744 4222 septem
768 4150 800 4210 et
823 4145 957 4227 triginta
979 4161 1120 4209 numero.
1146 4179 1188 4188 -
1212 4138 1325 4206 Indi-

145 4228 307 4294 oativus
339 4228 530 4309 perlecti
552 4227 713 4295 invenitur
735 4231 767 4296 in
790 4233 841 4300 his
863 4232 943 4300 locis
966 4231 1115 4298 sedecim.
1162 4229 1262 4296 Neue
1283 4228 1324 4290 est
