2924 4904
721 310 761 371 85

147 483 235 562 pat,
263 479 300 542 iu
321 498 370 543 me
393 480 590 560 couferre
612 498 731 544 omuem
753 477 881 544 iliorum
905 482 1076 559 temporum
1099 477 1233 560 mipace.
1267 477 1337 543 Au.

150 564 223 648 IX,
245 571 300 644 2a,
322 570 351 630 1.
398 564 488 631 Idem
508 568 674 646 facere,
707 567 788 648 quod
809 565 951 630 seditiosi
973 566 1052 630 eicos
1081 566 1235 645 soieut,
1269 586 1338 630 cum

149 652 273 734 aliquos
295 672 333 717 66
355 654 495 734 antiquis
518 655 619 719 duros
642 654 727 718 uiros
748 655 980 735 proterunt.
1004 653 1061 717 Ac.
1079 674 1134 734 pr.
1157 652 1208 735 II,
1231 655 1262 731 5,
1285 658 1335 718 13.

152 739 250 820 Quasi
275 787 281 799 .
308 789 314 802 .
340 788 365 819 .,
404 741 435 804 si
467 741 543 822 quid
575 741 745 822 aliquando
779 741 886 822 scio,
920 759 985 803 uou
1018 760 1056 804 66
1077 740 1137 804 isto
1171 740 1335 804 soleam

147 828 237 893 scire.
258 828 338 908 fam.
357 826 428 904 IX,
446 832 498 904 17,
515 833 544 892 1.
560 867 603 874 —-
632 828 677 892 Iu
699 848 786 909 quem
809 827 919 892 cadit
941 827 1118 909 aepritudo‚
1145 827 1182 890 iu
1204 828 1336 892 euudem

147 919 262 978 metum
285 913 435 978 cadere
458 935 627 980 6666336
649 921 715 980 est.
745 920 825 979 tusc.
854 913 889 994 V,
913 917 972 991 18,
996 917 1050 978 52.
1096 914 1192 979 Omue
1221 920 1334 992 autem,

148 1001 231 1081 quod
251 1001 456 1083 pipuitur,
481 1022 519 1066 eoo
542 1003 650 1083 atiquo
673 1022 769 1066 66636
792 1001 913 1085 pipui
932 1020 1096 1065 necesse
1118 1006 1179 1065 est.
1206 1001 1331 1068 Taua.

152 1086 233 1153 (ium
260 1088 374 1169 facit
405 1088 478 1167 ipso
508 1090 636 1170 familia
659 1090 721 1153 aim
744 1136 751 1152 .
774 1137 782 1152 .
805 1137 833 1170 .,
866 1088 901 1152 id
923 1088 992 1152 doto
1014 1088 1095 1152 mato
1121 1089 1239 1169 fieri
1271 1109 1334 1153 ue·

147 1194 260 1240 cesse
283 1181 353 1239 est.
381 1175 465 1239 Tuti.
488 1180 542 1241 28.
596 1175 776 1242 Necesse
797 1181 875 1254 cst,
897 1175 980 1255 quod
1008 1176 1171 1240 toucstum
1192 1177 1266 1253 sit,
1300 1176 1334 1239 id

146 1282 236 1327 esse
257 1268 314 1327 aut
335 1263 434 1327 sotum
456 1268 512 1326 aut
534 1284 690 1328 summum
711 1263 834 1328 bouum.
859 1262 910 1342 off.
927 1260 998 1336 ΙΙΙ,
1011 1266 1040 1341 8,
1053 1265 1104 1326 35.
1148 1261 1333 1327 Necesse

147 1354 213 1427 cst,
245 1349 300 1431 qui
321 1349 367 1413 ita
390 1350 532 1433 dicat,
561 1356 596 1415 ut
620 1372 639 1414 a
662 1350 863 1415 multitudiue
883 1348 1047 1428 probetur,
1079 1350 1210 1413 euudcm
1233 1349 1332 1414 doctis

137 1436 338 1517 probari.
362 1436 459 1500 Brut.
483 1441 621 1513 49,184.
668 1437 830 1504 Summum
852 1441 956 1500 autem
979 1436 1091 1500 bouum
1112 1436 1142 1500 si
1172 1437 1184 1499 i
1190 1456 1332 1516 puoro-

145 1523 776 1606 16666666666666666669666666
808 1543 970 1589 necesse
993 1529 1061 1587 est.
1082 1524 1141 1604 du.
1171 1521 1207 1605 V,
1230 1527 1258 1602 6,
1281 1526 1331 1588 15.

144 1611 310 1692 Apparet,
347 1629 418 1676 cum
447 1611 581 1677 verbum
615 1631 767 1695 ,neeesse
798 1609 868 1676 est“
906 1610 950 1675 sit
986 1610 1019 1675 in
1048 1610 1203 1691 primaria
1233 1630 1331 1675 enun-

142 1697 301 1848 66ἐὶ666,
339 1697 373 1761 in
396 1698 588 1765 secundaria
612 1704 646 1765 et
668 1698 878 1764 indicativum
911 1703 946 1761 et
967 1697 1202 1777 conjunctivum
1225 1698 1331 1763 locum

142 1784 189 1849 ha
213 1802 276 1850 ere.

235 1869 313 1936 (ium
338 1890 410 1935 aero
440 1876 544 1937 soutes
561 1873 650 1952 ferro
673 1869 990 1953 depopuabaut,
1014 1869 1184 1934 ...ocutis
1205 1871 1330 1952 quidem

142 1956 238 2022 uuita
265 1962 433 2038 poterat
458 1978 548 2023 esse
575 1959 694 2040 fortior
728 1965 839 2023 coutra
868 1957 1006 2021 dotorem
1036 1963 1064 2021 et
1085 1962 1215 2021 mortem
1237 1958 1332 2023 disci·

135 2043 245 2126 ptiua.
267 2050 345 2112 tusc.
369 2043 419 2125 II,
444 2049 495 2129 17,
516 2050 560 2110 41
584 2047 640 2129 (cf.
659 2066 695 2126 p.
719 2044 856 2127 54'sq.).

234 2129 295 2211 Qui
318 2131 498 2216 timebit,
529 2153 569 2197 ue
591 2133 668 2215 quid
689 2152 728 2197 66
749 2132 799 2196 tiis
821 2129 986 2211 deperdat,
1016 2129 1124 2194 beatus
1145 2150 1234 2195 esse
1255 2152 1332 2196 uou

134 2219 315 2300 poterit.
338 2224 416 2284 tusc.
445 2218 480 2299 V,
504 2224 555 2295 14,
577 2225 628 2284 40.
673 2219 746 2283 lua
765 2218 930 2300 poteris
952 2216 1013 2280 uti
1035 2217 1175 2282 cioiiium
1197 2238 1331 2283 commu-

143 2305 302 2370 totiouum
316 2306 449 2370 scientia
465 2307 512 2370 od
527 2307 563 2370 iu
578 2305 776 2387 explicandis
797 2305 904 2370 causis
924 2324 1031 2368 rerum
1052 2324 1205 2368 uooarum
1226 2306 1274 2370 oet
1295 2307 1330 2370 iu

142 2393 292 2468 remediis
313 2393 592 2472 incommodorum,
623 2413 691 2458 cum
714 2399 743 2457 et
764 2391 1051 2473 reprehendes
1074 2411 1125 2473 ea,
1147 2412 1227 2472 quae
1250 2393 1294 2456 ott
1317 2428 1331 2442 ·

139 2479 290 2560 peranda
312 2481 426 2557 duces,
459 2485 585 2560 atquae
604 2480 785 2562 placebuut,
819 2479 1010 2564 ecpoueudis
1032 2479 1209 2543 ratiouibus
1232 2500 1330 2545 com·

140 2565 365 2647 probabis.
401 2565 480 2645 fam.
511 2566 628 2647 1512,
658 2572 689 2632 4.
712 2603 755 2614 -—
805 2565 965 2647 Quidquid
995 2565 1159 2647 maleficii,
1192 2567 1327 2650 socieris,

143 2653 248 2718 caedis
271 2653 359 2735 erit,
375 2653 542 2734 proprium
563 2655 599 2718 id
622 2653 808 2718 Rosciorum
831 2672 921 2717 esse
943 2651 1111 2716 debebit.
1136 2652 1229 2717 Raso.
1253 2653 1326 2719 Am.

142 2743 196 2823 42,
210 2744 297 2805 Χ122.

232 2826 295 2892 Sed
318 2845 474 2908 praesens
497 2827 587 2893 verbi
611 2825 748 2912 ,posse“
774 2825 957 2891 tumetium
976 2825 1017 2890 ad
1033 2824 1177 2890 futurum
1199 2832 1326 2908 tempus

141 2911 323 2996 referatur,
357 2933 429 2979 cum
451 2915 560 2980 futuro
591 2920 702 2996 potest
731 2914 897 2994 conjungi,
931 2913 965 2978 id
988 2912 1073 2994 quod
1094 2910 1165 2978 fieri
1188 2915 1271 2980 solet
1293 2915 1326 2979 in

141 3001 313 3068 sententiis
336 3001 621 3080 conditionalibus,
652 3002 757 3066 velut:
793 3001 1016 3064 Possumus
1038 3001 1133 3064 etiam
1154 3021 1239 3065 uuue
1260 3021 1327 3066 rem

136 3088 298 3170 publicam
323 3089 507 3171 cripere,
541 3091 577 3154 si
610 3088 766 3152 commuui
795 3087 927 3152 cousitio
960 3088 1117 3170 papatiam
1149 3089 1199 3153 ad
1207 3089 1261 3152 mi
1268 3090 1326 3154 ui·

141 3175 372 3240 strabimur
394 3196 500 3257 aas.
524 3176 593 3240 Att.
612 3174 710 3257 VIII,
733 3179 778 3240 12
788 3174 821 3254 O,
846 3178 875 3238 3.
921 3175 1026 3255 Atque
1050 3193 1160 3240 eorum
1182 3177 1324 3241 locorum

141 3265 286 3341 ratione,
317 3262 489 3343 inquibus
518 3263 660 3329 futurum
694 3269 840 3326 exactum
865 3280 935 3326 cnm
958 3262 1096 3343 simplici
1119 3262 1228 3328 futuro
1251 3283 1325 3328 oon-

138 3348 339 3434 jungebatnr
361 3348 416 3432 (cs.
432 3370 463 3431 p.
478 3351 543 3435 68),
566 3350 600 3413 hi
621 3350 683 3415 loci
705 3349 972 3430 pronuntiantur:
997 3349 1225 3414 Possumue
1246 3351 1326 3414 satis

140 3437 282 3501 oideri
314 3441 424 3501 cautus
447 3488 453 3501 .
480 3487 486 3502 .
511 3486 540 3514 .,
574 3439 604 3501 si
634 3457 681 3500 me
710 3436 782 3499 huic
812 3435 922 3499 itineri
958 3440 1022 3499 tam
1053 3436 1166 3516 iufesto
1202 3441 1325 3518 tamque

136 3523 313 3604 periculoso
336 3524 597 3592 commisero?
629 3522 714 3587 Puu.
740 3521 827 3605 XII,
849 3526 899 3604 10,
921 3525 975 3586 25.
1019 3519 1121 3601 Quam
1137 3525 1325 3604 potestis

139 3611 178 3675 P.
200 3610 337 3674 Leututo
361 3659 368 3675 .
394 3660 400 3675 .
427 3660 434 3675 .
468 3616 650 3676 mactare
689 3609 850 3672 uictimam
883 3608 1071 3691 prationem,
1104 3630 1199 3691 quam
1227 3611 1257 3675 si
1286 3609 1325 3677 Ι.

139 3697 252 3762 Flacci
265 3698 423 3779 saupuiue
438 3696 528 3761 iliius
543 3696 703 3779 nefarium
718 3696 754 3760 iu
769 3695 871 3760 amuis
886 3695 993 3760 odium
1007 3698 1325 3764 saturareritis?

138 3784 250 3849 Flacc.
274 3788 325 3866 38,
349 3787 400 3849 95.
894 3795 897 3800 ’

225 3870 376 3936 Perfecta
397 3871 602 3937 inveniuntur
622 3871 656 3936 in
678 3870 730 3936 his
753 3869 850 3935 locis:
886 3868 948 3950 Qui
970 3876 1072 3934 autem
1094 3870 1189 3935 aliter
1211 3872 1322 3937 diae-

138 3964 261 4039 ruut,
294 3958 350 4022 icoc
380 3959 555 4040 assequi
586 3976 653 4023 uou
671 3962 922 4038 potueruut.
945 3977 991 4022 or.
1014 3960 1072 4036 70,
1093 3962 1167 4023 234.
1212 3957 1253 4024 Id
1274 3960 1324 4040 ip-

137 4064 228 4126 sum,
265 4047 348 4126 quod
367 4046 462 4126 fecit,
496 4046 640 4123 potuit
662 4044 847 4127 ditipcutius
878 4047 1028 4126 tacere.
1048 4046 1125 4126 tum.
1151 4044 1245 4124 XIV,
1272 4050 1322 4111 16.

138 4130 282 4196 Potuit
303 4133 406 4216 mapis
425 4133 547 4211 suudus
563 4131 702 4212 populus
728 4130 909 4196 Gaditanus
929 4133 950 4213 t
954 4132 1031 4195 ieri
1049 4182 1055 4196 .
1071 4181 1075 4192 .
1089 4183 1106 4215 .,
1127 4153 1218 4215 quam
1242 4153 1322 4198 cum

137 4217 308 4300 hospitium
326 4220 509 4301 focus
538 4221 679 4300 potuit
711 4220 829 4284 certius
861 4221 1136 4300 iuterpoucre
1168 4221 1323 4287 iudicium
