2924 4904
771 339 811 402 18

208 506 288 573 Tam
314 504 372 571 dia
397 504 434 569 iu
462 504 591 584 19999119
620 525 677 570 999
708 505 839 571 classem
862 506 919 570 iste
934 511 1067 587 praetor
1088 505 1224 588 diliqeas
1245 504 1378 585 uidit,

205 593 354 676 quamdiu
376 592 552 658 9999191919
575 594 642 674 ejus
667 593 954 676 flaqr'tr'osissa'raum
978 600 1277 674 praetervecta
1309 598 1379 657 est.

210 683 297 748 Verr.
324 679 358 759 V,
381 684 433 761 33,
455 684 508 745 86.
551 678 653 745 Domo
674 701 722 746 rac
745 683 874 758 terrai,
897 681 1048 763 quamdiu
1069 681 1282 747 turbulentam
1303 686 1379 745 tern-

198 768 380 851 pusfult.
416 767 497 831 doru.
519 771 549 850 3,
573 774 601 833 6.
649 768 793 853 (Testes)
817 775 897 847 tarn,
920 773 1275 851 cumaetaraest,
1308 788 1378 831 aaa

202 861 392 940 fueraut.
428 854 513 919 Verr.
536 853 587 937 H,
611 859 761 933 99177.
808 857 891 936 Quid
924 857 1006 920 euim
1033 859 1083 922 la'c
1105 859 1312 937 9999119191
1337 854 1376 918 ab

204 951 272 1009 arte
293 943 444 1026 adjuvari
462 943 635 1024 potuit,
670 964 738 1008 carn
761 964 780 1007 a
803 943 953 1025 Philippo
981 946 1194 1028 interroqatas
1224 944 1300 1025 qaid
1330 943 1378 1005 ia·

205 1036 313 1110 traret,
334 1033 439 1112 farem
460 1049 493 1092 se
512 1030 616 1094 ridere
638 1033 867 1111 respoudit.
903 1032 940 1097 de
962 1051 1006 1096 or.
1030 1033 1081 1116 ΙΙ,
1104 1035 1156 1114 54,
1178 1035 1255 1095 220.
1300 1029 1378 1094 Nora

204 1119 329 1184 teucri
351 1118 509 1194 lacrimae,
532 1116 713 1181 9999111999
736 1166 742 1179 .
768 1169 774 1182 .
800 1169 806 1184 .
832 1169 839 1182 .
861 1119 965 1184 atat.
989 1119 1232 1202 9911913.
1275 1118 1378 1181 Ρ199-

203 1214 294 1274 19199
325 1204 364 1271 91.
396 1204 484 1286 (dum
494 1204 516 1287 :)
547 1204 615 1286 Lig.
643 1211 692 1284 10,
717 1210 767 1269 30.
800 1206 891 1271 Verr.
917 1211 967 1287 99,
993 1213 1043 1273 19.
1068 1244 1111 1252 -
1134 1205 1253 1288 (quoad
1264 1204 1285 1290 :)
1309 1204 1375 1288 leg.

204 1295 262 1377 III,
288 1298 337 1376 16,
361 1297 412 1358 36.
437 1291 530 1356 (laec.
556 1297 585 1369 7,
611 1298 659 1357 19.
683 1292 770 1358 Cael.
795 1299 825 1376 4,
850 1300 878 1357 9.
902 1293 994 1357 Verr.
1019 1296 1043 1372 Ι,
1066 1299 1118 1373 23,
1134 1298 1184 1358 60.
1208 1292 1279 1376 Lig.
1298 1297 1327 1370 3,
1346 1298 1375 1354 7.

202 1420 245 1428 -
269 1379 434 1463 (quamdiu
448 1379 470 1462 z)
491 1379 582 1443 Brut.
600 1384 652 1462 79,
667 1384 739 1445 273.
764 1380 804 1445 de
827 1399 872 1445 or.
897 1382 953 1463 ΙΙΙ,
974 1386 1003 1463 2,
1017 1387 1045 1445 7.
1069 1380 1245 1462 1991ΧΙΙΙ,
1270 1383 1320 1455 50,
1347 1384 1376 1443 l.

202 1469 289 1547 XIV,
315 1473 343 1550 1,
368 1472 396 1531 3.
420 1466 512 1530 Verr.
529 1465 567 1548 V,
584 1472 636 1546 43,
654 1472 724 1532 119.
750 1467 874 1532 Cluent.
900 1472 949 1545 10,
968 1474 1017 1533 30.
1042 1468 1153 1550 0911,
1172 1475 1199 1542 5,
1220 1473 1268 1530 11.
1290 1466 1376 1531 dom.

207 1562 258 1636 30,
282 1560 333 1619 79.
363 1555 433 1618 1191.
455 1570 540 1633 1999.
564 1558 615 1633 23,
638 1560 690 1619 49.
720 1554 820 1620 Μ919.
847 1562 896 1634 11,
921 1561 969 1620 34.
992 1593 1034 1603 -
1058 1556 1175 1638 (eumz)
1201 1554 1291 1620 Verr.
1315 1553 1375 1632 II,

205 1650 256 1722 93,
279 1646 353 1706 216.
377 1640 468 1706 Caec.
496 1647 546 1719 11,
570 1646 621 1706 31.

291 1729 378 1794 Satis
400 1729 510 1793 multis
532 1729 611 1792 mihi
634 1730 787 1810 exemplis
810 1727 998 1810 probavisse
1012 1731 1132 1807 videor,
1156 1748 1253 1810 saepe
1276 1727 1376 1792 etiam

203 1816 368 1900 perfectae
391 1815 527 1880 actionis
550 1821 696 1896 tempora
719 1820 929 1901 congruentia
962 1820 1047 1882 inter
1076 1837 1111 1882 se
1133 1816 1269 1881 dicenda
1292 1833 1375 1880 esse.

204 1905 295 1983 Quod
318 1905 346 1969 si
369 1903 446 1967 mihi
469 1902 680 1985 concedatur,
711 1922 783 1968 cum
813 1923 990 1987 congruere
1020 1910 1166 1984 tempora
1197 1906 1282 1967 inter
1303 1921 1377 1967 sese

203 1993 306 2074 magis
328 1989 548 2071 nonpossint,
572 2009 667 2071 quam
690 1990 718 2054 si
741 1992 921 2057 sententiae
944 1993 983 2057 iis
1006 2010 1178 2074 expressae
1202 1991 1376 2055 91919919-

203 2080 356 2157 cidentes,
380 2078 440 2142 hoc
463 2078 562 2141 etiam
585 2077 715 2142 concedi
730 2096 862 2144 necesse
882 2087 941 2163 991,
965 2098 1111 2144 919999
1134 2079 1375 2144 9991991199

204 2166 509 2243 991991199199,
533 2165 569 2229 91
593 2170 821 2245 temporum
843 2168 1097 2232 relationem
1121 2171 1376 2247 spectamus,

206 2258 486 2338 congruentes
509 2271 605 2318 esse
629 2252 840 2318 dicendas.
888 2255 1014 2331 Quare
1038 2274 1108 2320 cunr
1131 2252 1376 2318 coincidentiam

205 2358 361 2426 negamus
383 2344 562 2420 temporum
586 2358 657 2404 esse
680 2341 887 2420 relationem,
923 2340 1096 2420 efficimus,
1130 2346 1166 2406 ut
1190 2340 1303 2404 divisio
1326 2344 1374 2403 19-

206 2429 270 2494 1199
293 2427 437 2512 9999119,
460 2444 523 2507 quo
544 2426 718 2491 relationes
740 2433 921 2509 temporum
944 2429 1162 2510 continentur,
1197 2427 1303 2512 magis
1325 2445 1375 2490 19-

205 2517 363 2598 spondeat
386 2515 427 2579 ad
449 2512 709 2594 philosophorum
732 2521 917 2597 praecepta.
940 2517 1022 2581 Nam
1046 2517 1073 2580 si
1096 2516 1201 2580 animo
1225 2520 1375 2579 sevocato

207 2602 399 2684 eloquendi
420 2619 496 2682 usu,
529 2601 562 2666 id
585 2602 688 2682 ipsum
711 2621 771 2682 per
793 2622 828 2668 se
859 2604 1059 2685 quaerimus,
1092 2621 1171 2684 quas
1201 2603 1233 2665 in
1264 2605 1374 2683 partes

206 2691 308 2755 omnis
330 2695 511 2770 temporum
532 2687 648 2754 relatio
670 2690 774 2770 possit
797 2691 912 2774 dividi,
944 2710 1006 2757 non
1029 2708 1125 2771 posse
1155 2690 1266 2769 plures
1288 2689 1374 2752 1999-

204 2778 268 2842 9111
290 2782 400 2858 991199
422 2780 501 2857 9919
524 2794 619 2858 quam
642 2783 718 2841 tres.
764 2777 845 2842 Nam
875 2779 957 2844 duae
989 2796 1042 2843 res
1074 2783 1130 2843 aut
1161 2777 1376 2841 9999191919-

204 2883 282 2947 pore
306 2864 358 2946 agi
380 2864 530 2929 dicuntur
552 2899 591 2909 -
624 2869 691 2929 tum
725 2883 901 2948 congruere
931 2866 1017 2930 inter
1043 2883 1079 2929 99
1101 2862 1272 2929 verborum
1293 2868 1374 2928 tem-

204 2971 284 3034 pora
306 2957 394 3015 recte
418 2950 577 3029 dicamus3
610 2956 666 3017 aut
694 2969 747 3016 res
779 2952 915 3018 diversis
946 2950 1143 3033 temporibus
1174 2952 1278 3016 altera
1300 2954 1375 3030 post

204 3039 342 3104 alteram
366 3038 420 3122 agi
443 3037 602 3116 dicuntur,
624 3075 667 3085 —
690 3044 759 3103 tum
774 3040 998 3104 antecedentia
1013 3038 1133 3104 habeat
1149 3057 1241 3103 suum
1254 3038 1375 3115 locum;

204 3131 261 3193 aut
290 3125 426 3206 denique
456 3125 591 3190 alterius
634 3126 770 3191 actionis
807 3133 932 3208 tempus
964 3146 1035 3192 cum
1065 3127 1200 3191 91191199
1230 3131 1374 3205 19199919

204 3214 323 3296 9911119
352 3212 436 3277 idem
469 3213 589 3295 partim
618 3212 658 3278 ab
688 3213 791 3278 altero
821 3214 981 3280 diversum
1004 3232 1076 3280 9999
1099 3210 1309 3298 significatur,
1332 3248 1373 3256 -

202 3307 271 3367 tum
294 3319 364 3365 eam
387 3299 579 3365 relationum
602 3301 741 3382 speciem
765 3320 984 3383 agnoscamus,
1007 3320 1103 3383 quam
1125 3299 1373 3365 Lattm.-Muell.

203 3394 319 3454 999991
343 3387 596 3471 ,Incongruente
622 3387 924 3474 Gleichzeitigkeit“
948 3388 1234 3470 9111191013.
1269 3387 1374 3452 Aliam

204 3476 373 3557 rationem,
397 3493 459 3556 qua
480 3481 626 3557 tempora
649 3475 725 3557 1999
739 3475 828 3546 19191
851 3477 1128 3554 99991919199191,
1151 3475 1288 3556 cogitari
1312 3492 1374 3538 non

203 3582 297 3646 99999
321 3563 402 3627 dico.
447 3563 562 3644 Itaque
586 3564 687 3627 omnis
710 3568 888 3645 temporum
911 3564 1026 3629 relatio
1048 3564 1081 3628 in
1103 3563 1162 3628 has
1179 3568 1376 3643 1199991199

202 3651 358 3716 discedit:
392 3651 642 3732 congruentiam,
667 3651 941 3734 antecedentiam,
965 3651 1196 3732 aequalitatem
1219 3667 1248 3730 q.
1272 3649 1302 3713 d.
1327 3649 1375 3714 in·

203 3741 440 3822 congruentem.
485 3737 598 3819 Neque
620 3737 728 3820 igitur,
752 3738 780 3803 si
795 3739 912 3804 omisso
928 3738 1078 3820 loquendi
1099 3756 1159 3803 usu
1181 3753 1250 3800 rem
1271 3738 1376 3817 ipsam

202 3843 319 3908 perse
343 3829 545 3905 spectamus,
577 3824 662 3889 ullus
693 3826 925 3891 coincidentiae
956 3827 1045 3890 locus
1075 3824 1269 3905 relinquitur
1289 3825 1376 3889 inter

201 3913 377 3978 relationes
399 3916 587 3993 temporum.
635 3911 698 3976 Sed
721 3931 801 3993 quas
824 3912 1059 3978 enuntiationes
1082 3917 1171 3977 recte
1195 3911 1376 3976 coinciden-

201 4006 252 4066 tes
276 4000 339 4064 dici
361 4017 459 4080 supra
482 3998 788 4082 demonstravimus,
822 4019 933 4066 earum
955 4005 1101 4082 tempora
1124 4017 1304 4084 congruere
1327 3999 1375 4063 in-

202 4094 253 4153 ter
275 4105 347 4153 sese
370 4086 507 4152 dicenda
530 4103 601 4150 9999
624 4087 805 4152 statuimus.

288 4176 393 4256 Atque
427 4173 467 4239 de
499 4173 560 4238 hac
598 4192 634 4237 19
667 4174 833 4240 9911991199
869 4175 937 4256 jam
971 4174 1128 4257 iudicavit
1160 4174 1376 4256 Georgius

201 4262 379 4340 Ihmius,
413 4260 447 4325 id
478 4260 562 4342 quod
592 4262 726 4348 cognovi
756 4268 926 4344 postquam
955 4263 1036 4329 haec
1057 4262 1136 4327 mihi
1156 4262 1224 4344 jam
1246 4260 1376 4328 luerunt
