2924 4904
701 347 742 408 73

119 512 222 601 XII,
243 520 300 598 24,
323 522 353 581 1.
400 515 506 597 Tuque
534 514 760 581 humanissime
788 514 957 599 fecisti,
989 513 1044 599 qni
1076 534 1124 578 me
1156 511 1315 580 certiorem

119 603 296 671 ι’111111
339 600 409 668 An.
435 601 541 687 XIII,
564 607 615 686 43,
638 602 705 686 1*).

127 762 137 769 ⁵
218 689 348 774 Reliqui
370 690 442 774 loci,
465 690 499 756 in
522 689 637 772 quibus
660 690 881 772 conjunctivus
905 708 977 757 cum
998 687 1172 754 indicativo
1187 706 1314 770 compo-

119 784 246 859 natur,
269 778 302 842 hi
325 783 420 844 sunt:
454 776 518 842 Hic
539 776 730 842 cotoneum
753 783 873 842 errat
899 776 1125 858 Timarchides,
1153 775 1223 856 oni
1246 823 1253 838 .
1276 824 1283 839 .
1307 820 1316 840 .

119 871 263 948 nutet.
313 862 494 946 Verr.III,
519 866 666 948 11151.
712 864 931 931 Iamdudum
953 883 1138 946 epocrro,
1173 861 1315 943 auitam

119 953 232 1020 multa
254 951 293 1018 de
314 952 378 1016 tuis
400 951 608 1032 emptionibus
629 951 721 1016 oerba
748 951 915 1034 faciam.
959 951 1000 1016 il.
1025 949 1084 1028 IV,
1107 953 1163 1026 13,
1184 952 1236 1014 35.
1280 948 1317 1014 sc·

119 1043 162 1108 iu
189 1040 249 1106 troc
272 1058 382 1122 erro,
404 1039 460 1122 oui
481 1037 602 1104 animos
623 1039 783 1104 lominum
804 1037 995 1104 immortales
1018 1057 1083 1103 csse
1099 1037 1253 1102 credam
1411 1081 1412 1084 ,

119 1148 198 1196 sen.
221 1130 287 1207 23,
307 1128 360 1192 85.
413 1124 582 1191 Aristonis
613 1146 726 1210 mapno
758 1127 795 1191 in
829 1145 933 1191 errore
962 1125 1121 1189 sententia
1153 1128 1228 1205 est,
1262 1123 1317 1204 qni

119 1235 233 1298 neone
252 1214 389 1296 formam
409 1213 460 1278 dei
481 1212 617 1296 intellipi
633 1233 728 1294 posse
750 1219 914 1279 censeat
935 1233 1033 1294 neque
1053 1212 1088 1276 in
1111 1211 1178 1276 deis
1192 1229 1318 1276 sensum

119 1321 201 1369 esse
223 1301 336 1367 dicat
364 1300 605 1383 dubitetque
635 1301 780 1375 omnino,
811 1301 887 1366 dens
913 1300 1062 1365 animans
1083 1319 1177 1363 necne
1197 1297 1247 1362 sit.
1272 1298 1317 1363 de.

119 1395 203 1456 nat.
227 1387 259 1468 I,
282 1392 335 1467 14,
358 1392 410 1453 37.
449 1386 616 1454 Interdum
639 1388 735 1453 nimis
758 1389 852 1453 etiam
874 1387 990 1453 nooit
1014 1385 1072 1472 (sc.
1095 1385 1319 1466 voluptatem),

119 1477 251 1561 panope
281 1476 336 1557 qui
368 1476 631 1555 testificetur
663 1496 702 1540 ne
730 1475 906 1558 intelliperc
927 1474 1052 1556 quidem
1074 1492 1107 1538 se
1125 1491 1233 1554 posse,
1265 1470 1319 1536 nbi

119 1565 173 1631 sit
197 1567 256 1629 ant
277 1563 360 1644 qnod
380 1565 424 1627 sit
445 1561 545 1627 nllnm
567 1562 681 1627 bonnm
699 1567 828 1643 praeter
851 1562 942 1641 illud,
966 1561 1047 1645 quod
1068 1560 1133 1626 cibo
1156 1565 1184 1625 ct
1189 1558 1319 1640 potione

125 1701 136 1718 .
161 1700 171 1718 .
196 1699 204 1716 .
227 1650 382 1730 capiatur.
424 1650 482 1731 fn.
506 1648 561 1733 II,
583 1653 621 1731 3,
646 1652 676 1714 7.
723 1648 807 1730 Quid
835 1649 935 1730 ipitnr
953 1648 1149 1730 proficis,
1180 1647 1235 1728 qui
1257 1667 1319 1711 an·

127 1737 289 1819 ticipes
310 1737 378 1818 ejns
399 1737 447 1802 rei
469 1736 650 1802 molestiam.
693 1736 760 1801 Att.
788 1735 885 1818 VIII,
908 1739 957 1814 14,
980 1739 1014 1800 2.
1053 1733 1145 1800 Onm
1167 1733 1217 1797 len
1238 1733 1318 1798 assi-

127 1827 198 1892 duo
231 1824 385 1890 vindicem
408 1825 573 1890 assiduum
595 1843 660 1889 csse
675 1823 845 1906 jubeat,
877 1821 1055 1903 locupletem
1083 1820 1207 1904 iulet
1234 1819 1318 1885 locu-

119 1912 221 1997 pleti.
267 1917 328 1994 top.
359 1915 472 1994 2,10.
503 1949 546 1958 -
579 1910 737 1991 Praeceps
771 1910 910 1974 ommtia
943 1910 964 1990 f
969 1909 1161 1984 arctare,
1198 1907 1253 1989 oui
1291 1912 1319 1971 te

133 1999 418 2066 cuistimares
450 1999 605 2063 auaritiae
640 1998 775 2063 uulnera
812 1996 1011 2062 crudelitatis
1046 1995 1192 2061 remediis
1221 2013 1320 2076 posse

133 2106 264 2153 sanare.
314 2086 404 2152 Verr.
431 2085 469 2168 V,
502 2089 658 2167 46,121.
704 2084 815 2150 Facile
847 2084 1071 2150 indicabat
1095 2084 1170 2165 ipsa
1199 2087 1320 2146 natura

135 2175 201 2240 nim
224 2193 333 2255 mam,
357 2192 427 2238 oum
449 2173 602 2251 homiues,
626 2173 706 2254 qnod
725 2172 829 2254 facere
852 2172 918 2252 ipsi
939 2191 1003 2236 non
1021 2175 1161 2253 possent,
1183 2170 1219 2234 id
1240 2174 1321 2233 recte

132 2260 207 2344 fieri
229 2261 267 2326 in
288 2261 386 2327 altero
408 2260 669 2342 judicarent.
713 2280 773 2324 am.
796 2260 833 2340 7,
855 2263 909 2323 24.
934 2296 974 2304 -
999 2259 1034 2338 Q.
1062 2258 1175 2322 Aelius
1201 2256 1321 2320 Tubero

136 2350 157 2430 f
159 2348 226 2414 uit
246 2347 303 2413 illo
324 2352 459 2429 tempore
481 2398 488 2412 .
512 2397 519 2413 .
545 2398 551 2413 .
569 2347 682 2428 punllo
704 2347 797 2411 etiam
820 2345 951 2427 durior,·
973 2345 1044 2428 qni
1064 2345 1188 2427 quidem
1209 2343 1246 2408 in
1263 2343 1322 2407 tri-

137 2434 258 2502 bunatu
274 2434 540 2517 judicaverit
557 2485 564 2500 .
582 2483 590 2500 .
606 2484 614 2499 .
631 2434 728 2498 Brut.
750 2437 801 2509 31,
824 2436 896 2498 117.
931 2431 1018 2499 Satis
1040 2431 1322 2514 sipnificaoit,

137 2527 290 2605 quantum
312 2528 390 2588 essct
410 2522 448 2586 in
470 2522 601 2598 actione,
625 2521 679 2604 oni
701 2521 872 2586 orationem
895 2521 1024 2585 eandem
1046 2519 1144 2584 aliam
1161 2520 1233 2600 fore
1249 2537 1321 2598 pn-

139 2610 231 2676 tari
238 2614 252 2674 t
281 2613 385 2675 actore
411 2613 539 2675 mutato.
584 2611 622 2675 de
649 2628 693 2674 or.
718 2607 797 2694 III,
830 2609 889 2687 56,
919 2611 995 2674 213.
1037 2606 1146 2691 ,Nonne
1176 2625 1247 2671 oerc
1267 2603 1322 2672 1111

231 2869 259 2940 *)
276 2871 309 2925 In
328 2869 449 2941 ejusdem
474 2873 582 2942 generis
607 2872 750 2928 sententiis
770 2872 934 2927 indicativus
953 2871 982 2925 in
1000 2877 1117 2940 utraque
1135 2873 1323 2928 enuntiatione

144 2943 283 2999 invenitur
302 2942 414 3010 septies.
457 2945 524 3016 Qui
549 2960 607 2999 non
633 2943 805 3009 defendit
821 2943 957 3011 iujuriam
973 2959 1060 3011 neone
1073 2945 1235 3014 propulsat,
1262 2961 1323 3000 cnm

136 3020 232 3086 punc,
251 3013 354 3081 iniuste
371 3013 449 3080 facit.
470 3016 514 3082 off.
534 3016 594 3084 III,
614 3020 656 3084 18,
677 3020 719 3071 74.
762 3016 832 3087 Qui
851 3015 960 3070 modum
977 3015 1044 3069 citio
1062 3017 1223 3086 quaerit,
1248 3017 1322 3071 111111-

142 3087 202 3143 litcr
218 3085 328 3154 facit,
347 3092 379 3142 ut
398 3130 404 3142 .
425 3131 431 3143 .
452 3130 458 3143 .
477 3094 543 3143 tnsc.
564 3088 617 3156 IV,
637 3092 680 3156 18,
699 3092 742 3143 41.
784 3088 825 3142 Tu
843 3093 946 3155 autem,
977 3087 1041 3155 qui
1058 3087 1090 3142 id
1109 3089 1228 3157 quaeris,
1247 3089 1321 3143 11111-

140 3159 200 3215 liter
216 3156 299 3227 facio,
318 3174 358 3214 ac.
370 3159 514 3215 ..dunat
526 3159 587 3228 III,
606 3164 631 3228 3,
650 3164 677 3214 8.
700 3159 772 3230 Qui
790 3165 880 3214 antem
898 3159 1108 3228 requirunt,
1129 3160 1196 3228 auid
1215 3177 1322 3229 quaque

141 3230 172 3286 de
189 3245 219 3285 re
236 3229 294 3298 ipsi
312 3231 471 3300 sentiamus,
489 3232 626 3286 ousiosim
643 3232 674 3286 id
690 3230 845 3296 faciunt
864 3248 947 3299 quam
963 3247 1069 3286 necesse
1086 3238 1131 3286 est.
1151 3232 1186 3286 11.
1205 3233 1267 3300 Ι,5,
1278 3237 1321 3287 10.

147 3302 213 3373 Qui
241 3307 332 3356 autem
357 3302 389 3357 in
415 3304 514 3359 uirtute
532 3320 666 3359 summum
685 3304 784 3358 bonnm
804 3309 968 3372 ponunt,
992 3304 1135 3370 macciano
1151 3304 1196 3358 illi
1215 3304 1323 3372 quidem

142 3377 187 3440 (so.
205 3371 223 3438 f
230 3372 316 3428 acin
325 3378 384 3441 nt).
402 3392 455 3430 am.
475 3380 500 3443 6,
518 3379 562 3430 20.
600 3375 637 3429 In
656 3391 724 3443 qno
738 3376 878 3430 uehemens
899 3373 957 3439 fni
974 3375 1126 3442 nobiscnm,
1153 3375 1225 3429 1111111
1249 3374 1267 3440 f
1272 3376 1323 3430 cci

140 3445 198 3501 nisi
216 3450 334 3500 coactus.
374 3445 445 3502 Sall.
464 3450 508 3515 31,
526 3451 570 3501 87.
613 3446 681 3516 Qui
707 3448 828 3501 oolnit
854 3446 995 3501 subvenire
1023 3446 1158 3501 errorilns
1182 3447 1325 3515 Epicurus

143 3556 174 3571 ..
195 3558 202 3571 .
221 3516 391 3586 dicitque
409 3519 544 3588 sapiemis
564 3533 619 3572 csse
638 3519 792 3586 opinionem
821 3535 839 3572 a
853 3517 1050 3587 perspicuitate
1073 3516 1225 3588 scp‘nnpere,
1251 3518 1325 3574 1111111

140 3586 239 3653 fecit.
277 3587 326 3643 Ac.
342 3605 386 3657 pr.
407 3591 456 3659 II,
487 3594 536 3658 14,
563 3593 605 3644 45.
644 3589 717 3659 Quos
743 3590 819 3645 locos
846 3590 870 3644 si
888 3604 948 3642 eum
967 3588 1023 3643 illis
1042 3604 1244 3659 comparamus,
1272 3589 1325 3646 hoc

144 3664 279 3729 apparet,
303 3674 410 3728 semper
434 3663 578 3717 relativam
597 3661 811 3716 enuntiationem
830 3660 1030 3731 conjunctivum
1048 3660 1165 3730 habere,
1184 3662 1326 3730 cumipse

142 3736 274 3800 sequatur
293 3732 465 3803 primariam,
494 3733 685 3800 indicativum,
711 3748 772 3787 oum
801 3732 946 3788 antecedat
965 3732 1114 3800 primariae
1133 3733 1325 3790 enuntiationi.

140 3801 216 3858 Unus
235 3808 327 3857 tamen
346 3804 423 3860 locus
442 3807 588 3874 excipitur,
606 3807 635 3859 in
653 3820 707 3872 quo
727 3820 781 3860 non
801 3805 934 3872 scriptum
952 3804 1054 3872 legitur
1072 3803 1191 3859 faciendi
1203 3805 1325 3874 verbum,

142 3873 190 3929 sed
217 3874 309 3930 animo
337 3877 510 3946 intelligitur.
547 3878 574 3931 Is
602 3883 693 3932 exstat
718 3876 770 3944 leg.
790 3877 830 3944 11,
850 3877 897 3943 11²,
924 3876 972 3930 26:
1000 3876 1105 3931 Melius
1127 3875 1227 3932 Gracci
1244 3882 1326 3945 atquo

141 3944 228 4002 nostri
247 3943 296 4013 (sc.
324 3945 527 4019 fecerunt),
557 3949 617 4016 oui
637 3990 642 4003 .
664 3990 669 4003 .
690 3989 697 4002 .
717 3948 824 4004 easdem
841 3947 905 4002 illos
924 3947 1001 4017 (deos
1021 3948 1071 4017 sc.)
1089 3949 1169 4003 nrbes
1188 3964 1258 4017 quas
1274 3964 1326 4002 nos

141 4015 257 4073 incolere
284 4019 481 4076 noluerunt.
518 4020 635 4075 Praeter
666 4020 797 4075 relativas
825 4026 916 4074 autem
941 4019 969 4073 in
993 4020 1091 4074 ceteris
1116 4019 1324 4075 coincidentium

143 4089 362 4144 enuntiationum
374 4092 529 4159 generibus,
549 4107 725 4160 quaecuuque
738 4091 857 4146 faciendi
867 4091 950 4145 verbo
960 4090 1169 4159 subJunguntur,
1188 4107 1326 4160 nunquam

143 4160 333 4230 conjunctivus
352 4162 447 4219 modus
466 4164 611 4232 invenitur,
631 4178 664 4218 ne
682 4164 710 4217 in
729 4165 764 4218 iis
783 4163 899 4233 quidem,
919 4176 989 4231 quae
1008 4163 1145 4230 particula
1165 4165 1259 4234 „cum“
1279 4163 1326 4220 ad·

144 4229 310 4302 jungantur,
339 4235 364 4290 si
390 4234 497 4304 quidem
523 4235 673 4303 primariae
697 4235 799 4291 habent
825 4234 1001 4290 indicativum
1032 4234 1170 4309 (exempla
1196 4234 1258 4294 vide
1282 4252 1328 4312 pg.

144 4304 178 4359 el
197 4303 277 4376 sqq.).
