2924 4904
719 370 761 433 69

121 540 302 608 actionem
324 537 501 623 significat,
537 538 616 604 mihi
639 539 767 622 quidem
791 560 884 607 secus
907 541 1045 608 videtur.
1090 541 1175 606 Nem
1197 540 1326 607 etiamsi

119 627 166 695 in
190 627 356 695 nonnullis
378 626 459 692 locis
483 631 541 693 ent
563 631 670 693 status
693 628 839 709 quidam,
875 628 929 710 qui
952 629 1080 696 actione
1103 629 1167 695 erit
1190 626 1325 695 effectus

120 721 167 783 et
202 714 328 782 diutius
350 713 511 794 manebit,
547 713 747 796 exprimatur
777 714 880 801 (velut
903 717 937 781 in
957 717 1037 782 hoc:
1072 716 1126 797 qui
1148 713 1326 781 Antonium

119 802 347 885 oppresserit,
376 800 490 866 bellum
522 802 686 882 confecerit
718 801 739 866 i.
763 821 791 868 e.
822 803 954 870 Antonii
987 821 1176 886 oppressor,
1208 807 1246 868 ut
1279 802 1327 868 its

123 890 259 968 dicem,
282 888 360 954 belli
383 887 547 955 coniector
570 888 647 971 erit)
672 893 729 955 aut
753 895 843 955 certo
858 909 896 956 ac
913 891 982 956 sine
999 888 1095 956 dubio
1112 889 1326 970 celeriterque

122 976 264 1060 aliquid
285 975 355 1042 fore
378 975 506 1045 dicatur
528 970 579 1061 (ut
601 976 634 1040 in
649 975 709 1042 hoc
726 976 870 1043 Terentii
884 976 1040 1060 siperpis,
1063 977 1195 1060 obiero),
1218 981 1326 1042 tamen

120 1070 322 1131 nostrorum
355 1063 501 1129 locorum
530 1062 573 1128 ed
606 1063 777 1145 plerosque
812 1068 961 1130 neutrum
990 1064 1155 1146 pertinere
1188 1062 1325 1130 videtur.

124 1153 248 1234 Atque
280 1149 319 1216 G.
345 1150 380 1215 Τ.
403 1151 441 1214 Α.
464 1149 614 1234 Krueger
648 1149 733 1232 (Lat.
759 1149 900 1217 Gramm.
938 1156 1031 1217 1842.
1069 1151 1182 1234 §itt
1220 1151 1261 1214 ll.
1286 1150 1328 1217 ad

127 1258 210 1307 ann.
236 1235 290 1322 3),
324 1236 468 1304 iuturum
500 1242 648 1302 exactum
680 1255 752 1302 cum
775 1236 912 1319 simplici
936 1238 1084 1319 conjungi
1106 1236 1194 1303 haud
1216 1237 1326 1318 inepte

129 1325 295 1393 admonet
324 1325 359 1390 in
391 1324 442 1390 his
464 1323 564 1390 locis:
598 1322 650 1386 Et
673 1343 720 1387 mc
741 1324 799 1387 icoc
820 1326 1000 1404 suspicione
1028 1325 1257 1406 emolliam,
1290 1329 1329 1389 et

130 1413 208 1479 illis
241 1431 358 1477 morem
386 1430 569 1494 pessero.
617 1410 687 1475 Ter.
724 1410 798 1475 Hoc.
830 1411 898 1490 IV,
925 1417 963 1490 2,
994 1415 1039 1477 23
1072 1409 1173 1495 (597).
1223 1411 1331 1492 Tuque

130 1500 210 1582 ipse
239 1503 279 1564 et
311 1519 349 1564 cc
382 1500 450 1581 ejus
479 1497 679 1562 observantia
699 1498 878 1580 pratissimi
899 1499 1035 1564 hominis
1057 1504 1087 1562 ct
1110 1518 1148 1563 ec
1170 1497 1328 1563 sociorum

130 1585 247 1672 pratia
270 1634 278 1650 .
304 1633 311 1648 .
336 1633 343 1648 .
366 1585 540 1650 maximone
559 1584 698 1663 fructum
721 1585 880 1664 capies,
912 1591 950 1650 et
972 1606 1019 1650 nce
1041 1605 1162 1651 sommo
1184 1585 1328 1666 beneficio

135 1673 350 1756 affeceris.
393 1670 684 1753 fom.X111,64.
730 1671 815 1736 Audi
847 1678 984 1755 possunt
1005 1673 1108 1738 haec:
1142 1672 1215 1736 Hoc
1237 1677 1329 1736 roei

135 1766 167 1826 te
201 1761 289 1826 muni
320 1759 413 1824 turbo
447 1758 608 1824 cooloes
641 1762 677 1821 et
699 1757 750 1823 ilii
768 1763 898 1841 pratulo
927 1760 1094 1841 feceris.
1141 1758 1212 1824 Ter.
1236 1757 1325 1826 Eun.

137 1852 217 1914 723.
265 1847 311 1912 Ac
332 1847 362 1912 si
383 1845 563 1928 corripitur,
586 1849 661 1925 quot
684 1845 915 1910 commoditates
936 1847 1027 1911 eide:
1050 1845 1216 1925 Principio
1228 1845 1327 1910 amico

135 1935 243 2017 pilium
265 1933 533 2010 restitueris,
561 1931 632 1996 Tibi
651 1951 802 2013 percorum
820 1934 949 2015 firmum
971 1938 1001 2020 et
1020 1933 1110 2014 filiae
1130 1933 1327 1998 invenies

137 2023 251 2088 urum.
273 2020 318 2088 id.
340 2018 448 2084 Andr.
462 2021 535 2086 569.
575 2017 691 2084 Omnia
706 2019 736 2083 si
755 2020 925 2085 dederis
939 2020 1054 2101 osculo,
1076 2039 1180 2101 pauco
1196 2019 1328 2084 ciebis.

137 2108 284 2191 Properi.
307 2106 380 2187 ΙΙΙ,
405 2108 434 2187 7,
458 2109 508 2188 50,
532 2105 571 2187 cs.
613 2106 683 2170 Ter.
705 2104 770 2171 Aci.
792 2109 857 2171 818
878 2127 923 2190 sq.
950 2111 1014 2174 978
1036 2128 1081 2190 sq.
1114 2108 1152 2171 In
1174 2107 1225 2172 his
1248 2107 1328 2174 locis

139 2215 243 2281 neque
278 2199 401 2262 statum
436 2192 545 2259 futuro
582 2197 695 2258 exacto
733 2194 837 2275 magis
873 2213 970 2276 quem
1005 2195 1144 2276 simplici
1179 2194 1327 2274 indicari,

139 2302 244 2367 neque
275 2301 315 2349 ea
344 2299 426 2364 quae
460 2279 568 2346 futuro
592 2284 704 2346 exacto
728 2280 896 2364 dicantur,
931 2282 1050 2348 certius
1073 2282 1144 2347 iore
1167 2298 1264 2361 quam
1288 2299 1327 2346 ea

140 2390 224 2454 quae
247 2369 355 2436 futuro
379 2365 618 2449 significentur,
650 2367 722 2447 quis
748 2369 875 2448 estqui
899 2370 1025 2454 neget?
1071 2368 1160 2446 Quae
1184 2386 1255 2433 cum
1277 2368 1326 2432 itu

140 2460 216 2542 sint,
238 2457 319 2522 mihi
341 2456 470 2537 quidem
492 2453 613 2518 talibus
635 2453 668 2516 in
691 2453 771 2518 loeis
794 2453 937 2521 futurum
961 2462 1111 2521 exactum
1133 2473 1237 2536 neque
1254 2474 1328 2536 per-

140 2545 260 2612 iectom
292 2561 396 2624 neque
428 2539 653 2623 imperfectam
684 2542 845 2607 actionem
876 2543 1055 2624 exprimere
1088 2543 1235 2624 videtur,
1270 2542 1328 2608 sed

141 2631 324 2700 absolutam
346 2628 448 2695 futuri
470 2628 634 2693 notionem
656 2625 788 2708 habere,
812 2628 961 2710 idemque
983 2636 1052 2695 tum
1076 2628 1220 2695 futurum
1235 2647 1328 2694 exac-

141 2725 209 2787 tum
239 2719 274 2782 in
303 2717 412 2783 futuro
444 2721 589 2796 tempore
612 2713 737 2797 velere,
769 2714 854 2796 quod
877 2715 1059 2798 perfectum
1082 2716 1272 2781 historicum
1295 2717 1329 2780 in

141 2805 330 2890 praeterito.
366 2804 471 2884 Atque
494 2820 565 2867 cum
587 2800 732 2867 futurum
755 2803 891 2882 simplex
907 2805 1011 2884 possit
1026 2803 1212 2868 continuam
1228 2802 1328 2868 ectio-

143 2912 215 2960 nem
236 2891 392 2973 indicare,
414 2889 551 2954 Romani
573 2888 754 2968 ubicunque
778 2907 850 2953 eam
862 2889 999 2972 intelligi
1012 2890 1194 2970 noluerunt,
1218 2888 1327 2954 futuro

144 2984 257 3048 exacto
278 2979 358 3044 mihi
380 2978 432 3043 usi
453 2977 611 3042 videntur.
652 2974 755 3051 Quam
777 2976 959 3056 opinionem
981 2995 1086 3042 meam
1109 2995 1171 3042 uno
1184 2976 1329 3041 Terentii

142 3069 212 3135 loco
235 3063 420 3132 confirmari
441 3069 532 3145 puto,
556 3062 609 3143 qui
633 3067 683 3126 est
698 3059 804 3127 Andr.
827 3063 985 3128 sessile
1000 3065 1121 3129 otiosus
1136 3070 1325 3146 quaeret.-

143 3156 263 3221 intereo
285 3151 408 3235 aliquid
429 3151 522 3215 occi
529 3150 639 3215 derit
661 3148 741 3213 boni.
779 3149 867 3227 Quae
890 3150 990 3217 verbe
1012 3152 1040 3218 si
1063 3152 1105 3216 ed
1117 3151 1331 3232 praeteritum

143 3247 272 3325 tempus
296 3238 541 3317 transieramus,
567 3237 614 3302 sio
639 3236 704 3301 sint
726 3237 901 3304 mutanda:
919 3238 1003 3303 ‘Alia
1026 3239 1142 3304 otiosus
1165 3258 1330 3320 quaere-

145 3329 234 3396 lat:
254 3327 378 3392 intereo
400 3324 524 3406 aliquid
546 3322 619 3388 boni
641 3323 804 3388 occidit.
827 3327 866 3406 cf.
888 3326 966 3406 foro.
989 3326 1061 3405 111,
1085 3329 1114 3409 6,
1137 3327 1166 3390 5.
1189 3325 1332 3404 Quotidie

144 3423 173 3484 le
193 3417 301 3499 ipsum
323 3411 551 3494 suspectatione,
574 3429 642 3475 com
661 3410 782 3474 interea
795 3432 834 3476 oe
848 3412 970 3476 litteras
981 3411 1201 3492 quidemcllos
1216 3412 1331 3491 accepi.

145 3506 260 3587 Itaque
284 3520 356 3567 cum
378 3500 444 3565 illis
466 3497 558 3563 Nltll
580 3497 772 3576 errabis,
806 3499 837 3562 si
860 3549 867 3563 .
892 3549 899 3564 .
924 3547 931 3562 .
955 3499 1210 3564 attenderis.
1236 3497 1329 3579 (arn.

145 3590 219 3675 ΙΙΙ,
242 3590 273 3666 7,
298 3593 331 3666 5)
351 3588 404 3654 vel
424 3585 540 3651 melius
563 3584 663 3649 etiem
685 3602 757 3649 cum
768 3584 862 3651 Bruti
884 3585 959 3650 illo:
984 3584 1073 3666 Qcool
1095 3584 1332 3668 cumfaoies,

145 3728 152 3744 .
178 3672 496 3742 ..inservieris
525 3672 614 3755 (fem
640 3669 713 3750 XI,
738 3674 775 3753 4,
798 3671 835 3756 2)
867 3673 1118 3754 comperandum
1146 3679 1224 3755 puto
1260 3690 1333 3737 eum

146 3767 270 3847 locum,
300 3780 395 3845 quem
418 3778 516 3842 supra
539 3757 706 3825 attulimus
741 3757 785 3839 (p.
810 3759 886 3840 64):
923 3759 1007 3842 OQ.
1032 3759 1141 3826 Octclc
1166 3810 1173 3824 .
1198 3809 1205 3824 .
1230 3810 1237 3824 .
1262 3764 1333 3823 tao·

146 3857 252 3918 tumne
275 3856 303 3916 te
323 3847 509 3931 fefellit,
532 3866 602 3912 cum
625 3894 632 3908 .
657 3894 663 3908 .
688 3892 695 3906 .
719 3845 931 3925 putabas?
953 3848 1032 3913 doni.
1056 3853 1109 3927 43,
1133 3851 1203 3913 113.
1249 3845 1333 3911 Nam

147 3946 184 4007 ut
205 3939 432 4022 imperfectum
456 3953 527 4000 oum
550 3932 696 4015 perfecto
717 3933 862 4013 junctum
885 3939 1065 4016 temporum
1089 3934 1333 4020 congruentiam

147 4047 212 4095 non
241 4025 408 4109 exprimit,
442 4028 476 4088 et
506 4019 671 4100 concedit,
705 4019 752 4086 sic
775 4021 852 4085 item
876 4020 1020 4088 futurum
1042 4041 1113 4089 cum
1136 4022 1193 4087 fut.
1218 4025 1332 4086 exacto

147 4116 298 4198 conjunct
354 4163 361 4178 .
