2924 4904
708 321 744 382 'll

119 487 288 568 Africani
310 477 510 570 'pramtalriti
542 489 723 574 iustamque
755 490 888 570 uirtute,
920 494 1143 572 praeterquam
1176 489 1320 574 quoda

119 581 245 641 senatu
267 577 528 662 desciuerat,
549 579 811 659 deflexisset.
840 578 909 643 tar.
930 597 1011 658 resp.
1036 580 1086 661 19,
1109 581 1163 646 41.

217 794 290 861 Uno
324 796 358 860 in
390 797 462 863 loco
491 797 687 864 indicativus
716 797 878 880 particula
912 815 995 863 cum
1017 796 1224 882 conjungitur
1247 815 1319 863 cum

119 882 334 963 conjunctivo
357 885 622 951 concessivo.
672 884 714 951 Ut
735 886 818 949 euim
847 904 941 967 aeque
972 884 1202 958 doleamus,
1237 903 1319 948 cum

119 989 258 1050 empore
278 970 477 1043 dolemus,
506 1019 514 1036 .
538 1022 545 1037 .
570 1020 577 1036 .
600 978 703 1037 tamem
728 1022 734 1037 .
759 1019 766 1035 .
791 972 875 1053 ,niu
899 971 929 1051 I,
951 974 1002 1052 17,
1026 974 1078 1037 55.
1125 971 1246 1037 Similis
1269 976 1319 1037 est

120 1055 183 1122 hic
205 1057 317 1123 locus:
352 1055 453 1123 Siut
473 1058 557 1124 euim
579 1064 711 1142 emutat,
732 1059 772 1124 si
793 1059 900 1123 miseri
922 1063 1029 1124 suut.
1063 1057 1244 1142 tusc.I,6,
1267 1061 1319 1122 12.

221 1277 271 1342 Ad
294 1277 634 1343 conditionalem
660 1278 978 1360 conjunctivum
1003 1277 1318 1359 ejusdemtemporis

129 1362 401 1430 indicativus
430 1364 574 1446 pertinet
603 1366 654 1430 his
684 1364 808 1430 duobus
831 1365 863 1428 in
882 1364 981 1430 locis:
1014 1365 1085 1428 Lea
1104 1364 1140 1429 id
1164 1363 1269 1430 Gellia
1291 1369 1320 1428 et

134 1449 302 1533 Garuetia,
330 1472 434 1532 quae
457 1453 584 1533 definite
608 1457 793 1532 potestatem
816 1452 965 1534 Pompejo
997 1451 1152 1517 ciuitatem
1177 1451 1321 1516 dauaudi

130 1537 324 1615 dederat,
346 1538 612 1603 sustulisset.
649 1538 742 1604 Bata.
759 1543 810 1616 14,
833 1543 887 1604 32.
917 1539 995 1604 Nisi
1009 1538 1178 1604 exercitum
1192 1537 1319 1604 0.an-

131 1623 219 1688 saris
242 1659 283 1672 -
306 1625 341 1688 iu
364 1645 439 1706 quo
459 1625 641 1706 fallebat
743 1661 787 1672 -
811 1671 818 1687 .
842 1673 850 1690 .
873 1674 881 1690 .
903 1625 939 1690 iu
962 1625 1085 1689 curiam
1105 1645 1139 1690 se
1160 1625 1319 1690 immissu-

131 1731 204 1774 rum
227 1711 534 1791 miuitaretur,.
552 1763 558 1778 .
575 1763 582 1777 .
598 1713 663 1777 uisi
684 1712 826 1777 cousutes
848 1732 977 1777 causam
991 1713 1193 1794 coujuuuisse
1208 1732 1320 1791 secum,

132 1797 174 1861 iu
197 1817 271 1879 quo
293 1818 356 1863 uuo
379 1819 443 1864 uou
465 1800 759 1878 mentiebatur,
782 1799 1066 1881 coufirmaret
1089 1848 1096 1863 .
1121 1848 1128 1864 .
1151 1799 1221 1864 lar.
1238 1819 1320 1880 resp.

132 1888 190 1963 22,
214 1885 266 1949 47.
288 1885 348 1968 (cs.
362 1905 398 1966 u.
421 1888 466 1952 52
484 1888 539 1971 fl).

220 2056 355 2124 Duobus
389 2059 422 2124 in
455 2060 536 2126 locis
571 2061 782 2127 secundariae
816 2059 1053 2126 enuntiationes
1083 2059 1248 2140 pertinent
1278 2060 1320 2125 ad

136 2146 317 2212 sententias
339 2147 501 2228 particula
522 2167 608 2212 cum
629 2147 849 2230 superioribus
872 2166 1023 2212 annexas.
1064 2145 1243 2224 dumille,
1266 2147 1321 2229 qui

134 2232 197 2296 ista
220 2231 301 2296 baua
322 2233 452 2315 dicit,
474 2234 575 2300 urum
592 2235 670 2317 pius
691 2235 735 2299 iis
758 2235 924 2298 tribuat
945 2255 1039 2316 quam
1061 2239 1105 2298 tu.
1125 2234 1182 2315 atu.
1204 2232 1268 2314 IV,
1291 2237 1319 2312 9,

135 2323 189 2384 23.
223 2317 308 2399 Quid
330 2325 377 2384 est
398 2321 538 2401 iueutius
560 2342 654 2403 auam
676 2323 715 2387 de
738 2321 870 2386 diceudo
885 2322 995 2403 dicere,
1017 2341 1086 2385 cum
1100 2321 1205 2401 ipsum
1220 2320 1322 2385 dicere

135 2425 300 2487 uunquam
322 2407 386 2471 sit
408 2427 473 2472 uou
494 2409 651 2493 iueutum,
684 2409 751 2473 uisi
783 2427 869 2474 cum
891 2414 953 2473 est
975 2408 1196 2473 uecessarium.
1219 2407 1257 2472 de
1278 2427 1323 2472 or.

135 2490 240 2576 Ι,24,
263 2495 338 2558 112.

221 2666 360 2732 Restant
374 2667 407 2731 hi
421 2685 532 2734 novem
546 2669 616 2751 loci,
640 2668 673 2735 in
689 2668 804 2751 quibus
821 2667 1011 2749 obliquis
1026 2668 1197 2733 sententiis
1209 2685 1322 2733 secun·

136 2752 248 2818 dariae
271 2753 512 2839 adJunguntur:
540 2756 659 2839 Videte,
689 2761 741 2828 ut,
765 2757 855 2821 dum
887 2775 927 2820 se
949 2754 1094 2834 capedire
1116 2755 1224 2833 uult,
1256 2756 1323 2818 iu-

137 2841 239 2904 duat
269 2842 327 2920 (sc.
352 2842 551 2926 amentiam.)
602 2842 689 2908 Verr.
710 2842 769 2923 ΙΙ,
792 2846 851 2923 43,
873 2844 943 2906 106.
986 2839 1109 2906 Doceat
1129 2842 1215 2924 ipsc,
1246 2862 1323 2906 uum

138 2946 189 3010 aaa
211 2946 301 3008 auem
315 2947 530 3007 possessorem
554 2929 790 3011 defendam,
812 2949 897 2993 cum
912 2928 1133 3011 aurariaeleai
1154 2928 1320 2993 resisto.

122 3013 192 3096 tea.
216 3034 266 3096 aa.
290 3013 369 3095 ΙΙΙ,
392 3020 430 3096 4,,
460 3020 509 3080 15.
542 3052 586 3065 -
622 3017 703 3081 Tum
735 3035 805 3080 cum
837 3014 1107 3098 aidebautur,
1140 3035 1200 3097 quo
1232 3015 1323 3080 modo

137 3101 402 3179 videreutur,
424 3102 461 3166 id
482 3104 655 3185 quaeritur.
691 3123 737 3167 ac.
757 3122 808 3183 pr.
832 3101 883 3185 11,
906 3105 936 3183 8,
959 3105 1013 3167 23.
1030 3100 1199 3182 —Quaero
1222 3103 1325 3180 ctiam,

138 3186 191 3251 iile
212 3187 263 3251 air
286 3187 393 3265 bouus,
416 3190 485 3273 qui
506 3191 664 3254 statuit
684 3209 803 3255 omuem
826 3189 999 3254 cruciatum
1017 3191 1164 3272 perferre
1187 3237 1245 3253 ...
1268 3211 1323 3254 cur

139 3273 197 3339 tas
229 3273 290 3338 sibi
321 3278 387 3338 tam
416 3295 532 3357 arares
566 3278 646 3360 imas
680 3277 945 3357 imposuerit.
990 3275 1048 3341 Ac.
1065 3297 1121 3357 pr.
1145 3276 1195 3354 ΙΙ,
1217 3279 1248 3356 8,
1270 3281 1324 3342 23.

141 3361 305 3427 ‹ludicatia
328 3367 395 3426 est:
418 3381 500 3428 cum
521 3383 662 3429 summae
687 3364 815 3429 uirtutis
838 3414 844 3428 .
867 3411 875 3427 .
900 3412 906 3425 .
934 3359 1029 3426 Graii
1052 3410 1059 3426 .
1083 3409 1091 3424 .
1114 3411 1121 3428 .
1144 3383 1325 3428 mouumen-

141 3453 207 3513 tum
228 3452 493 3527 statuerumt,
514 3456 692 3516 recteueau
708 3455 817 3516 coutra
829 3449 1024 3531 feceriut.
1045 3448 1176 3526 iuaII,
1198 3453 1252 3530 23,
1275 3450 1325 3513 70.

146 3535 445 3600 Verecundioremue
464 3555 568 3602 caram
585 3542 738 3619 putamus
759 3538 796 3602 iu
811 3535 1003 3617 postulando
1023 3537 1103 3616 fore,
1124 3554 1220 3616 auam
1239 3537 1325 3616 fue-

140 3623 197 3687 rit
217 3627 294 3700 tum,
317 3641 402 3687 cum
424 3624 537 3689 misit
559 3625 714 3690 maudata
736 3625 779 3689 ad
800 3624 971 3688 seuatum?
1002 3621 1088 3687 Patr.
1113 3622 1199 3700 XII,
1223 3625 1253 3706 5,
1276 3627 1326 3687 11.

141 3709 183 3774 Id
211 3710 296 3790 quod
324 3708 412 3774 haud
434 3711 498 3775 scio
528 3733 572 3776 au
595 3718 630 3776 tu
649 3711 774 3792 primus
802 3710 1057 3790 ostenderis,
1091 3711 1160 3790 qui
1174 3711 1247 3793 jam
1269 3709 1326 3775 diu

143 3796 241 3861 mutto
265 3796 287 3861 d
295 3795 382 3859 icis
412 3798 586 3864 remissius.
619 3799 656 3864 de
677 3818 720 3862 or.
743 3797 773 3878 I,
796 3801 845 3880 60,
867 3799 944 3863 255.
984 3797 1057 3872 (hoc
1080 3797 1113 3861 in
1134 3796 1205 3862 loco
1227 3794 1326 3862 verbo

142 3884 222 3948 dicis
255 3882 429 3964 praeteriti
452 3887 607 3968 temporis
629 3886 693 3951 vim
716 3885 872 3950 contineri
906 3903 944 3949 ex
967 3884 1023 3966 iia,
1057 3901 1139 3964 quae
1163 3883 1327 3950 adduntur

143 3969 349 4054 intelligitur,
367 3970 529 4054 jamdiu).
542 4008 584 4019 -
595 3971 801 4038 Declaravit.
819 4021 825 4035 .
842 3990 936 4053 quam
947 3971 1015 4048 illa,
1037 3991 1135 4052 auae
1156 3970 1327 4051 tulerat,

142 4063 317 4138 temporum
350 4057 453 4139 mauis
474 4061 655 4125 necessitate
685 4080 780 4142 quam
795 4059 919 4141 judicio
949 4057 1134 4122 tulisset.
1178 4057 1264 4122 Plit.
1292 4057 1327 4137 V,

143 4148 194 4225 14,
218 4146 270 4209 38.
314 4143 374 4211 siu
396 4164 443 4227 ea,
465 4165 568 4230 quac
589 4152 664 4212 aute
683 4167 912 4232 cesseram,
935 4144 1169 4210 couseruaudae
1189 4144 1327 4210 ciuitatis

145 4250 242 4298 causa
260 4231 489 4316 cessissem.
519 4239 600 4317 aaa.
616 4234 681 4302 rut.
703 4234 806 4320 11,1,
829 4236 859 4297 1.
911 4302 913 4307 ι
