2924 4904
685 363 723 422 37

112 531 234 597 citio
252 530 420 610 faciebant.
445 531 523 596 Sull.
537 533 586 613 17,
599 535 651 594 49.
698 528 916 610 Proicietur.
934 528 1020 610 cunc)
1033 526 1294 608 6616666611666;

113 638 212 700 meque
235 618 270 681 id
293 623 396 682 tamem
419 617 747 698 611666616616
767 616 839 697 feci.
885 614 971 680 Verr.
995 614 1054 699 IV,
1078 615 1108 698 7,
1131 617 1173 678 16
1187 613 1227 698 ³⁸).

200 790 325 856 Deinde
349 809 387 856 ex
411 792 450 857 iis
472 791 569 874 locis,
602 791 634 855 in
660 790 775 872 quibus
799 788 848 855 ob
853 790 1012 871 jectum
1034 787 1173 853 faciendi
1196 784 1294 852 verbo

61 926 65 933 .
114 877 325 963 adjungatur,
347 896 554 944 secernamus
577 896 643 956 eos,

691 983 718 1028 a.

115 1051 149 1115 in
172 1049 288 1133 quibus
310 1049 371 1117 hoe
388 1050 550 1134 obJ'ectum
566 1052 609 1116 sit
623 1049 754 1116 verbum
779 1054 974 1133 ,gratum
997 1053 1195 1128 pergratum,
1219 1068 1293 1130 grs-

113 1136 307 1221 tissimum“,
330 1139 423 1220 cujus
446 1138 574 1221 generis
597 1138 685 1203 locos
708 1138 793 1217 apuu
817 1135 1004 1201 Ciceronem
1028 1136 1193 1200 numeravi
1215 1153 1294 1217 qua·

114 1224 269 1308 draginta
291 1232 370 1292 tres.
415 1225 539 1290 Horum
562 1227 705 1291 locorum
727 1221 871 1287 membra
899 1221 1011 1286 tricies
1033 1226 1067 1287 et
1090 1222 1196 1287 sexies
1219 1241 1293 1289 con-

113 1311 224 1396 jungit
247 1312 478 1395 particulari,
509 1312 677 1394 quinquies
699 1310 799 1393 quod,
832 1308 882 1374 bis
904 1308 1065 1391 porticula
1088 1328 1171 1390 cum,
1194 1310 1295 1376 semel

115 1399 202 1463 dum.
247 1397 356 1464 Pauca
391 1418 430 1464 ex
459 1392 569 1465 multis
592 1398 725 1464 afferam
749 1397 909 1477 exempla:
944 1395 1074 1459 Fcceris
1096 1395 1293 1480 61161966·

114 1491 222 1569 tum,
251 1485 293 1549 si
315 1490 388 1550 autc
409 1505 443 1550 eo
466 1487 599 1550 oeueris.
632 1485 701 1551 Att.
718 1483 899 1567 XV1,2‚5.
945 1482 1194 1564 Perqrutum
1216 1484 1295 1548 661161

111 1572 228 1653 feceris
252 1623 259 1640 .
285 1623 292 1638 .
317 1621 335 1656 .,
358 1573 388 1637 61
411 1623 418 1638 .
444 1621 451 1637 .
476 1623 482 1637 .
506 1574 543 1638 de
565 1574 705 1637 amicitia
727 1570 905 1651 disputaris
927 1568 1004 1649 quid
1025 1569 1154 1634 6661166.
1178 1591 1239 1634 am.
1264 1576 1295 1635 4.

116 1662 169 1725 16.
217 1655 550 1724 Gratissimum
572 1660 791 1740 milrifoceris,
813 1657 842 1721 si
865 1657 969 1721 odrae
983 1656 1020 1719 iu
1034 1653 1179 1721 Ciliciam
1201 1677 1296 1739 quam

111 1744 255 1826 primum
276 1746 409 1810 acueris.
455 1748 532 1827 lom.
557 1747 607 1831 II,
630 1750 727 1826 19,2
755 1746 811 1827 (cf.
834 1745 903 1808 Att.
927 1742 998 1826 III,
1022 1747 1052 1826 9,
1073 1747 1105 1808 2.
1142 1742 1218 1826 VII,
1240 1747 1293 1808 21.

114 1830 145 1915 I,
166 1835 220 1908 20,
243 1836 273 1897 7.
302 1834 380 1914 fam.
404 1833 476 1916 ΙΙΙ,
499 1838 529 1916 3,
551 1838 583 1898 2.
620 1833 703 1914 XII,
724 1835 778 1897 27.
812 1829 918 1908 XIII,
941 1834 971 1910 4,
993 1833 1024 1893 3.
1056 1832 1107 1910 15,
1129 1835 1161 1895 3.
1184 1834 1239 1912 22,
1261 1836 1293 1896 2.

113 1921 170 2003 26,
191 1922 223 1983 2.
247 1922 301 1984 26.
324 1924 379 2000 26,
401 1924 431 1984 6.
454 1925 506 2002 66,
528 1925 561 1984 2.
584 1923 636 1985 oo.
660 1924 713 1984 4o.
737 1923 790 1982 44.
815 1921 867 1982 47.
892 1921 942 1982 or.
966 1918 1018 1998 or,
1035 1920 1067 1981 2.
1092 1920 1141 1980 ro.
1165 1922 1216 1982 71.
1241 1921 1293 1981 74.

114 2007 167 2089 77,
188 2009 221 2070 2.
245 2004 320 2089 XV,
343 2010 375 2071 8.
398 2027 463 2087 rep.
487 2006 516 2086 Ι,
539 2011 592 2089 21,
614 2008 686 2091 34).
732 2005 769 2072 sc·
791 2005 969 2086 6661666616,
990 2023 1072 2084 quac
1094 2002 1225 2084 1116666
1247 2024 1296 2067 me

110 2096 210 2157 tecum
234 2093 288 2175 691
310 2093 424 2178 uoluit,
457 2095 677 2177 oratissimum
705 2092 782 2158 661161
801 2091 924 2173 sicoris.
966 2092 1045 2170 sam
1072 2088 1178 2168 XIII,
1201 2093 1294 2173 64,1

113 2178 236 2259 (61.11.
261 2181 390 2262 642).
435 2179 480 2245 16
508 2200 567 2262 quo
595 2180 814 2264 qratissimum
839 2179 945 2259 facere
960 2177 1088 2258 possis,
1117 2176 1147 2240 61
1169 2179 1295 2241 curaris

112 2270 149 2330 ut
172 2316 179 2332 .
204 2316 211 2331 .
234 2313 242 2329 .
262 2268 342 2346 fam.
367 2265 475 2346 XIII,
499 2271 550 2345 75,
571 2271 604 2333 2.
649 2267 756 2348 Quare
777 2265 856 2329 milri
875 2265 1096 2347 qratissimum
1116 2266 1234 2346 166166,
1265 2265 1296 2328 61

112 2352 309 2432 exploratum
329 2353 456 2418 latetis
479 2404 485 2419 .
511 2402 548 2419 ..
577 2358 654 2434 fam.
681 2354 838 2432 Χ1,6,1
868 2350 922 2431 (61.
947 2350 1016 2432 Lig.
1044 2356 1093 2429 ll,
1119 2355 1136 2414 2
1168 2352 1201 2415 in
1233 2369 1295 2433 quo

112 2439 226 2506 similis
251 2443 414 2505 sententia
445 2442 620 2523 gerundivo
645 2441 834 2523 exprimitur
864 2439 910 2504 616
941 2437 984 2502 16
1009 2436 1198 2521 6119666
1221 2457 1297 2502 666-

112 2527 268 2594 seruaudo
291 2527 400 2591 multis
422 2532 457 2591 tu
479 2529 602 2609 quidem
622 2536 752 2611 uratum
777 2526 876 2609 furios
898 2525 1087 2590 necessariis
1111 2525 1176 2589 tuis
1207 2525 1242 2608 (i.
1267 2545 1294 2590 6.

112 2615 139 2677 61
164 2613 329 2695 Ligarium
352 2615 583 2697 conservabis).

200 2699 346 2782 Quinque
369 2702 581 2782 epistularum
603 2703 691 2767 locos
714 2700 836 2778 inveni,
865 2700 897 2763 in
921 2696 1038 2779 quibus
1061 2695 1209 2779 subjecta
1232 2700 1295 2763 etsi

111 2786 262 2852 videntur
285 2805 357 2853 esse
380 2789 517 2871 diverso,
541 2794 650 2855 tamen
674 2789 781 2870 aliquo
804 2786 899 2852 modo
923 2785 1148 2866 intelliguntur
1171 2784 1294 2850 eadem.

114 2873 343 2938 Gratissimum
366 2875 455 2938 mobis
479 2925 486 2939 .
512 2927 518 2940 .
546 2877 705 2957 .fcceris,
733 2876 791 2939 si.
817 2923 824 2939 .
848 2921 856 2938 .
885 2876 958 2936 616
978 2871 1193 2936 didicerimus.
1230 2892 1295 2936 666.

111 2965 177 3041 2,6
200 2959 235 3045 (1.
252 2978 279 3026 6.
304 2962 332 3027 61
353 2980 413 3026 nos
433 2962 591 3042 docueris,
616 2962 655 3028 ci.
679 2981 710 3045 p.
724 2967 742 3026 7
755 2959 834 3044 fin).
879 2958 970 3023 Nihil
992 2959 1022 3022 61
1040 2962 1168 3040 qratius
1187 2961 1295 3041 facere

107 3048 224 3126 666616,
255 3067 349 3128 quom
370 3049 400 3112 61
421 3048 512 3113 illum
530 3071 591 3134 por
613 3055 642 3113 te
663 3048 860 3129 reciperarit.
907 3044 943 3126 Q.
963 3047 1008 3127 fr.
1031 3044 1061 3124 I,
1085 3049 1183 3126 2,14
1205 3046 1239 3128 (i.
1264 3065 1291 3112 e.

112 3136 140 3199 si
160 3134 253 3199 illum
283 3135 314 3198 ei
342 3136 579 3202 restituendum
609 3137 758 3218 curaris).
806 3133 1035 3200 Gratissimum
1064 3132 1142 3196 milri
1169 3134 1291 3214 feceris,

110 3221 140 3285 61
160 3220 345 3286 1616116666
376 3222 457 3287 lanc
487 3225 783 3288 commendationem
812 3240 960 3303 66666666
993 3220 1079 3300 apud
1107 3227 1135 3283 te
1163 3221 1293 3300 6666166

112 3307 266 3372 latuisse.
307 3310 386 3389 faur.
404 3309 511 3388 XIII,
526 3316 569 3375 33
592 3312 626 3394 (i.
651 3330 679 3377 e.
703 3311 732 3376 si
753 3310 827 3375 huic
850 3307 1118 3372 commendationi
1141 3325 1291 3388 magnum

112 3396 237 3475 pondus
261 3394 440 3478 tribueris).
486 3397 539 3461 Mi
551 3399 574 3461 zi
596 3395 1041 3480 661666611661666661666616,
1064 3395 1094 3457 61
1108 3393 1290 3458 intellexero

108 3480 166 3546 lias
188 3481 312 3546 litteras
335 3488 470 3562 tautum,
493 3482 1029 3566 6666166666116666666116166,
1054 3481 1140 3560 apud
1161 3487 1190 3544 16
1208 3501 1290 3561 666-

108 3568 167 3632 dus
189 3567 347 3633 habuisse.
389 3572 467 3650 farri.
494 3570 602 3654 XIII,
627 3576 676 3648 17,
698 3576 727 3635 3.
773 3572 962 3653 Pcrqrutum
992 3567 1070 3632 661161
1096 3567 1224 3651 soceris,
1259 3570 1288 3632 si

112 3715 396 3724 *ba—-.am

179 3785 206 3854 ¹³)
225 3785 432 3839 Annotatio.
458 3786 608 3842 Praeterea
627 3789 662 3842 ad
681 3789 752 3842 idem
766 3788 911 3855 hosgenus
931 3783 1187 3838 consecutivus
1206 3798 1287 3849 quas·

110 3856 170 3910 dem
190 3855 447 3910 sententias'videri
467 3861 606 3926 pertinere
625 3861 735 3914 silentio
754 3857 983 3926 praetereundum
1010 3868 1064 3908 nen
1090 3863 1165 3920 puto.
1203 3854 1285 3908 Velut

111 3927 196 3983 ΜΟ
214 3927 334 3994 libenter,
354 3933 385 3981 141
404 3969 410 3982 -
431 3970 437 3983 ·
457 3971 464 3984 .
479 3927 1034 3999 661111666166666666666661661666
1052 3926 1197 3994 colloquar.
1214 3923 1284 3989 fam.

109 4000 175 4067 tr,
196 4003 220 4054 1.
259 3998 369 4053 1661166
385 3997 476 4069 famo,
500 4009 532 4055 61
549 4005 671 4059 recorder
688 4005 787 4057 ruinas
805 4001 995 4070 reipublicae.
1027 3998 1086 4051 Vat.
1105 4001 1130 4064 9,
1149 4000 1193 4051 21.
1231 3997 1284 4051 Sed

109 4086 166 4125 cum
185 4072 213 4124 in
233 4070 357 4124 omnibus
377 4072 411 4124 iis
431 4076 575 4129 sententiis
595 4076 785 4141 consecutivis,
805 4090 874 4140 quac
893 4070 1109 4126 coincidentibus
1128 4068 1283 4122 simillimae

109 4142 265 4208 videantur,
291 4149 382 4195 tamen
407 4151 560 4213 temporum
587 4164 650 4201 usus
676 4147 755 4201 vaide
774 4145 883 4199 differat
902 4160 919 4197 6
938 4140 1169 4206 coincidentibus,
1198 4143 1281 4193 etium

107 4215 301 4268 sententiarum
321 4214 454 4268 rationem
474 4219 557 4271 aliem
584 4234 643 4272 esse
659 4220 761 4288 judico.
800 4217 860 4285 Qus
879 4216 912 4269 de
932 4230 961 4268 rc
980 4230 1013 4267 ex
1032 4221 1091 4266 tots
1110 4221 1206 4265 nostra
1226 4211 1281 4265 dis-

109 4288 248 4351 poterisne
268 4287 455 4340 consecutivus
475 4290 624 4344 sententies
644 4292 819 4353 removimus,
840 4304 872 4340 ne
892 4287 971 4340 nimis
992 4286 1064 4351 tongi
1085 4299 1212 4338 essemus.
