2924 4904
711 337 750 401 81

136 525 285 572 census
307 506 371 583 sit,
395 503 581 570 continuone
603 526 656 584 au,
681 505 736 570 ubi
758 507 893 571 lustrum
905 505 948 569 sit
963 506 1131 582 conditum,
1155 504 1233 569 liber
1254 506 1318 570 sit.

136 594 244 658 deor.
269 593 299 675 Ι,
321 598 373 674 40,
396 595 468 656 183.
499 592 546 676 (in
569 592 684 674 quibus
709 611 845 678 ,census
868 591 931 658 sit“
962 593 1142 675 perfectum
1164 611 1318 676 praesens

135 681 320 747 habendum
344 681 419 761 est).
464 679 628 744 Judicatio
650 686 713 745 est:
735 683 953 745 rnircuutne
974 681 1005 744 is
1026 681 1238 762 majestatem,
1267 680 1321 762 qui

137 769 175 832 in
208 767 413 832 tribuniciam
442 771 623 847 potestatem
648 769 763 848 putria
797 773 951 850 potestate
982 773 1143 832 utatur.
1182 768 1246 832 ino.
1271 766 1321 844 11,

136 857 188 938 17,
211 858 262 920 52.
297 853 419 919 Olueut.
444 856 587 932 57,157.

228 941 330 1007 Ousus
361 941 453 1004 illum
475 942 621 1024 iquorum
643 941 721 1021 quid
746 941 1048 1024 profiteretur,
1078 961 1147 1005 cum
1168 960 1201 1004 se
1216 938 1321 1020 pbilo-

134 1028 266 1109 sopbum
288 1049 354 1093 csse
372 1028 548 1112 diceret,
572 1076 579 1090 .
605 1080 612 1092 .
638 1077 644 1091 .
668 1029 857 1108 inquinarit.
886 1028 1017 1112 Puer,
1031 1032 1082 1093 te.
1116 1027 1161 1091 Ni
1177 1028 1323 1091 teutone

134 1117 264 1198 scirem,
296 1136 365 1180 cum
387 1115 429 1179 ud
452 1120 481 1178 te
503 1116 742 1192 scriberem,
765 1121 917 1196 quantum
939 1115 1321 1198 officiisnstiuercm.

136 1205 216 1285 fam.
240 1204 297 1280 11,
319 1207 356 1281 6,
374 1207 403 1267 5.
461 1201 540 1266 Cum
564 1205 756 1283 praesertim
785 1222 823 1266 eor
849 1208 905 1267 tua
935 1205 1090 1283 oratione,
1123 1202 1325 1283 quodcunque

139 1291 199 1354 tibi
217 1296 400 1372 peteres,
429 1289 501 1353 buic
514 1295 691 1369 peteres,
738 1289 832 1356 Rosa.
859 1288 942 1354 (lom.
964 1293 1015 1367 18,
1040 1293 1090 1353 54.
1123 1288 1266 1370 (obliqua
1289 1289 1323 1353 in

138 1378 200 1443 hos
217 1379 287 1442 loco
301 1377 386 1441 ratio
400 1374 532 1441 vocibus
546 1397 584 1440 eu
598 1381 654 1441 tua
670 1377 813 1441 oratioue
828 1377 1013 1460 indicatur).
1037 1379 1075 1442 cle
1085 1396 1132 1440 or.
1146 1376 1175 1455 Ι,
1188 1379 1241 1455 24,
1255 1380 1323 1440 110.

233 1464 367 1528 Videsne
390 1464 490 1545 iqitur
512 1463 559 1528 oel
581 1465 618 1527 in
641 1485 678 1528 eu
700 1465 771 1544 ipsa
793 1464 876 1546 urbe,
899 1465 935 1527 iu
953 1485 1015 1545 quo
1038 1470 1066 1528 et
1088 1468 1166 1527 cruta
1188 1469 1217 1527 et
1239 1463 1324 1526 altu

137 1552 193 1616 sit
212 1550 395 1634 eloquentia,
417 1569 509 1632 quum
531 1571 566 1614 ea
587 1571 656 1614 sero
671 1551 887 1630 prodierit
908 1553 945 1614 iu
968 1552 1073 1615 lucem.
1106 1550 1202 1614 Brut.
1214 1555 1263 1629 10,
1276 1553 1326 1614 39.

139 1639 266 1704 Emistit
288 1638 348 1701 illo
369 1638 572 1717 disceptatio,
605 1639 860 1703 minueritue
886 1640 1097 1720 ruajestatem,
1131 1637 1186 1719 qui
1215 1639 1326 1701 uolun-

139 1732 205 1790 tute
223 1724 488 1806 populillomaui
508 1745 573 1788 rem
593 1730 719 1807 protam
742 1731 773 1790 ct
794 1746 925 1807 aequam
941 1747 1001 1805 per
1023 1727 1087 1789 oirn
1101 1725 1206 1808 cqerit.
1236 1729 1323 1804 part.

139 1833 187 1878 or.
212 1813 355 1892 30,1o5.
402 1811 489 1875 Haec
511 1814 652 1895 requiro,
676 1831 838 1890 ornumne,
872 1814 926 1893 qui
960 1812 1123 1877 Cannensi
1139 1831 1252 1894 pupnu
1275 1831 1327 1875 ce·

140 1900 352 1982 uiderint,
376 1918 439 1961 uno
462 1903 548 1962 astro
569 1901 686 1979 fueri
696 1905 747 1963 ut.
781 1899 843 1964 diu.
866 1899 916 1981 ΙΙ,
939 1904 992 1982 47,
1016 1902 1066 1964 97.
1116 1898 1185 1962 Ηαα
1208 1899 1326 1963 nemini

140 1988 270 2053 dubium
300 1991 359 2061 cst,
392 1985 445 2068 qui
476 2003 527 2049 reo
550 1987 731 2064 custodiam,
754 1987 926 2068 quaesitori
946 1986 1205 2067 protulatiouem,
1227 1985 1327 2049 iudici

136 2075 319 2156 praemium
341 2073 543 2148 decrerit,
574 2073 656 2156 quid
688 2074 726 2137 de
758 2078 821 2136 tota
852 2094 886 2137 re
914 2079 943 2137 ct
976 2093 1073 2138 causo
1100 2072 1323 2154 judicarit.

147 2161 217 2226 Cot.
240 2159 301 2242 IV,
325 2164 355 2238 5,
378 2165 426 2223 10.
461 2158 690 2235 86311327.
732 2160 818 2224 Verr.
843 2160 901 2243 ΙΙ,
924 2166 1036 2241 4,12.
1082 2160 1203 2240 Quaero
1233 2160 1326 2224 etiam

141 2249 336 2313 illudente
360 2296 367 2310 .
392 2297 398 2310 .
425 2295 449 2323 .,
469 2246 696 2326 fecerisne,
730 2247 814 2327 quod
837 2296 844 2311 .
871 2297 877 2310 .
901 2297 907 2310 .
929 2248 966 2310 iu
997 2248 1083 2311 omni
1109 2248 1259 2311 memoria
1281 2252 1328 2310 cst

142 2335 269 2399 omuino
291 2334 502 2397 inauditum?
523 2333 819 2414 appellarisne
841 2333 983 2398 tribunos
1002 2334 1113 2414 plebis,
1136 2355 1176 2397 ne
1199 2354 1327 2397 causam

144 2422 290 2487 diceres?
321 2420 389 2485 Vct.
411 2425 461 2500 14,
474 2424 525 2483 33.
547 2421 580 2502 (i.
606 2440 633 2484 e.
657 2440 728 2486 suni
750 2422 951 2504 appellaris).
997 2422 1230 2504 Commemorat,
1252 2421 1328 2501 quid

141 2510 218 2575 olim
238 2508 318 2573 moli
346 2507 379 2572 0.
402 2507 514 2572 Julius
546 2509 714 2587 fecerit,
748 2530 816 2574 cum
846 2509 1001 2573 dieculam
1037 2509 1214 2572 duucrit.
1258 2508 1326 2574 Att.

146 2596 258 2679 V,21,
280 2599 330 2658 13.
374 2592 493 2676 Soulia,
527 2595 603 2674 quid
623 2594 749 2659 sceleris
771 2595 1028 2675 admiserim,
1061 2615 1131 2659 cum
1160 2596 1197 2659 de
1229 2595 1326 2659 uisce-

142 2684 232 2747 ribus
255 2683 319 2746 tuis
334 2685 372 2744 'et
390 2681 453 2762 pitu·
475 2682 522 2744 tui
544 2683 771 2763 satisfacturus
793 2683 850 2756 sis,
876 2681 987 2762 quibus
1010 2682 1113 2762 debes,
1145 2701 1199 2763 eqo
1222 2701 1327 2762 occep-

144 2777 211 2835 tom
244 2789 281 2834 eu
316 2770 442 2832 aerario
469 2769 640 2848 pecuniam
675 2776 727 2833 tuo
759 2770 884 2832 nominc
913 2775 1041 2850 frustra
1072 2770 1174 2834 dissi
1179 2769 1327 2850 parim.

146 2858 182 2939 Q.
203 2859 247 2938 fr.
270 2855 299 2938 I,
323 2860 353 2936 3,
376 2860 398 2919 7
442 2854 489 2937 (in
517 2855 578 2920 hoc
610 2856 679 2920 loco
712 2856 792 2920 haec
820 2855 919 2921 verba
946 2877 1015 2921 cum
1038 2894 1080 2902 -
1102 2856 1328 2936 satisfacturus

145 2946 192 3010 sis
215 2941 386 3024 subjuncta
410 2941 621 3026 intelligenda
645 2948 720 3008 sunt
742 2944 792 3008 his
816 2962 886 3007 cum
908 2981 943 2989 -
963 2943 1172 3027 dissipamur).
1217 2941 1326 3007 Flacc.

189 3080 197 3114 ⁷
233 3117 382 3198 Anqures
403 3115 629 3199 iuterroqobot,
651 3137 731 3196 quoe
751 3118 797 3180 ita
820 3117 934 3181 lutae
954 3123 1111 3200 essent,
1133 3122 1254 3182 rectene
1275 3117 1327 3181 la·

147 3211 211 3270 tue
235 3208 386 3268 essent.
420 3202 490 3266 bor.
513 3221 595 3283 resp.
614 3207 666 3281 23,
681 3207 732 3268 ts.
757 3203 793 3268 Si
814 3205 885 3285 quis
908 3205 994 3284 opud
1023 3225 1080 3269 nos
1101 3205 1248 3268 seruisset

147 3311 272 3374 seseque
294 3290 531 3354 liberasset
553 3295 583 3354 et
598 3296 709 3370 postca
731 3292 855 3356 domum
876 3293 1131 3372 reuertisset,
1153 3291 1329 3373 quaesitum

148 3386 202 3462 est,
226 3397 304 3443 num
325 3378 354 3440 is
377 3376 420 3440 od
441 3388 520 3440 suos
533 3378 735 3456 postliminio
757 3378 941 3443 redisset
963 3384 992 3443 et
1008 3379 1226 3443 omisisset
1247 3378 1328 3440 barro

148 3467 313 3532 ciuitatem.
335 3465 373 3528 de
395 3483 442 3528 or.
457 3462 487 3545 Ι,
510 3467 560 3548 40,
582 3467 656 3529 182.

235 3638 345 3704 Etiam
367 3636 627 3719 participiis
662 3637 879 3704 coincidentes
912 3638 1090 3703 sententias
1120 3655 1215 3717 posse
1246 3635 1329 3701 effici

150 3727 306 3792 monitum
329 3731 380 3789 est
402 3743 432 3804 p.
457 3729 508 3789 25.
568 3724 673 3804 Atque
695 3725 902 3806 perticipium
924 3725 1187 3806 praesentis,
1212 3725 1329 3805 quippe

151 3831 211 3894 quo
234 3812 427 3893 imperfecte
449 3809 650 3894 significetur
673 3812 773 3894 ectio,
807 3817 839 3876 et
862 3814 1088 3894 gerundivum,
1116 3812 1206 3892 cujus
1229 3811 1329 3874 simil·

152 3900 226 3965 lima
250 3905 302 3965 est
322 3899 411 3964 notio
434 3899 466 3961 in
489 3916 606 3979 genere
636 3897 823 3982 passivo*),
860 3918 931 3965 cunr
965 3897 1164 3981 temporibus
1194 3897 1330 3962 actionis

221 4124 247 4195 ²¹³)
267 4123 302 4178 ci.
320 4124 402 4178 L.·M.
422 4125 470 4188 III,
490 4124 572 4194 §90.,
598 4127 672 4178 Beni,
700 4133 727 4180 et
755 4143 824 4194 quae
850 4144 884 4182 ex
902 4127 1046 4181 Laurentii
1066 4125 1163 4179 Vullse
1187 4125 1331 4192 elegantiis

156 4193 280 4250 Sanctius
299 4197 394 4250 attulit
412 4197 440 4249 in
463 4197 588 4250 Minerva
609 4197 630 4264 I,
650 4213 673 4251 c.
695 4201 740 4251 15:
770 4201 879 4267 ,nescio
899 4216 933 4252 au
954 4198 1096 4253 dicendum
1116 4198 1152 4251 sit
1171 4198 1331 4264 gerundium

156 4279 212 4321 esse
230 4268 408 4337 participium
427 4270 582 4336 praesentis
602 4270 734 4337 temporis
754 4287 829 4324 more
849 4271 1043 4325 Graecorum“.

1046 4365 1065 4423 6
