2924 4904
700 338 737 400 31

133 510 228 576 stioni
246 528 466 595 proeesse
487 508 624 573 maxime
645 507 753 587 444444,
786 507 869 572 nibil
891 507 1045 588 qnaesivit
1067 507 1131 572 nisi
1148 508 1308 591 justitiam

134 604 200 664 cett.
225 597 299 662 Mil.
322 601 353 679 8,
368 601 423 662 22.
467 594 556 660 Dam
576 595 672 678 bajas
694 594 893 675 definitiones
913 594 1103 676 labefactare
1123 596 1195 680 rott,
1218 615 1308 660 cona·

135 692 186 751 443
209 692 255 750 434
277 684 466 751 cbarissimis
487 683 578 766 rebns
608 682 750 747 tenebras
778 681 934 747 obdncere.
977 681 1038 747 Ao.
1053 703 1108 763 pr.
1132 683 1181 761 ΙΙ,
1204 688 1308 767 6,16.

136 773 215 838 Cam
238 773 311 855 cim,
334 793 412 853 4444
434 776 511 836 43344
533 772 569 834 44
591 770 744 847 sensibus,
768 769 1012 853 enpiicabomns,
1032 770 1221 835 3444444444
1238 791 1308 851 ape·

134 861 284 940 aiebatur,
309 859 522 940 comprehendi
544 859 643 923 matta
666 858 836 938 otpercipi
857 857 1009 921 sensibns.
1041 857 1101 921 Ac.
1112 878 1160 938 pr.
1184 857 1235 934 ΙΙ,
1257 863 1309 936 12,

135 952 187 1012 37.
233 948 302 1012 Hoc
324 947 406 1011 44444
427 966 492 1010 4334
512 946 643 1026 soteris:
675 946 800 1026 44444
829 946 1030 1025 reprimam
1060 946 1140 1010 44444
1167 946 1309 1010 44444443
1416 942 1428 955 ’

136 1084 174 1101 ..
199 1082 207 1096 .
232 1033 322 1100 Gaea.
346 1038 397 1115 33,
421 1037 463 1097 96
486 1033 525 1116 (4.
547 1054 572 1096 4.
596 1034 651 1098 boc
672 1032 756 1097 44444
776 1052 841 1096 4334
863 1052 932 1096 cnm
951 1032 1080 1115 fateris,
1106 1034 1249 1113 primam
1271 1032 1309 1096 44-

136 1123 190 1187 444
220 1122 388 1205 44444443).
435 1120 512 1185 Cam
542 1121 596 1184 boc
629 1120 802 1201 confiteris,
835 1119 870 1183 id
902 1125 931 1183 te
964 1120 1127 1184 admisisse
1156 1120 1308 1185 concedis.

137 1209 260 1289 Quina.
283 1215 339 1292 26,
362 1212 413 1273 81.
459 1206 496 1273 Si
518 1208 600 1271 enim
622 1208 724 1273 dicent
747 1228 796 1285 ea,
828 1207 865 1271 de
887 1206 996 1288 444443
1018 1207 1183 1291 disserent,
1205 1228 1238 1272 34
1259 1208 1309 1273 44-

136 1296 237 1362 incide
262 1297 470 1377 perspicere.
496 1344 502 1358 .
526 1344 551 1378 .,
582 1294 800 1375 comprendere
828 1316 863 1358 ea
891 1315 925 1358 se
946 1294 1141 1377 fatebantur.
1178 1294 1237 1360 Ac,
1254 1315 1309 1376 pr.

137 1384 187 1463 11,
210 1388 262 1463 14,
286 1387 337 1446 44.
385 1382 463 1448 Cam
485 1388 515 1446 44
538 1382 691 1447 4434444334
713 1387 741 1446 44
758 1381 934 1462 4444444334
948 1382 1038 1458 44443,
1061 1390 1140 1447 certe
1159 1382 1242 1447 banc
1262 1403 1313 1446 oo·

137 1471 234 1536 444334
258 1471 318 1554 (34.
343 1470 500 1553 accedere)
525 1471 674 1550 concedis.
700 1469 786 1534 Coeo.
810 1473 860 1547 17,
876 1473 929 1534 48.
978 1468 1087 1549 Quid?
1109 1477 1144 1534 tn
1167 1489 1235 1534 4444
1252 1491 1310 1551 pa·

138 1579 199 1624 mm
222 1578 289 1622 esse
312 1558 465 1638 capiebas,
491 1558 565 1622 idne
587 1557 709 1640 apcbos,
731 1563 766 1621 44
788 1604 795 1618 .
821 1606 827 1620 .
853 1557 892 1620 ..2
913 1556 984 1639 444.
1009 1561 1107 1633 6,18.
1155 1557 1310 1639 144444

137 1653 208 1711 4443
229 1646 372 1728 injnrias
390 1665 450 1725 per
471 1650 509 1727 te,
532 1692 538 1707 .
563 1694 570 1708 .
593 1694 600 1709 .
616 1644 765 1726 persequi
787 1644 920 1726 conaris,
943 1643 978 1707 id
999 1645 1068 1725 4443
1090 1649 1126 1708 44
1143 1649 1311 1709 ceterorum

138 1755 255 1815 444444
276 1733 417 1813 injuriae
446 1733 514 1796 3444
535 1733 719 1812 impunitae.
770 1729 884 1796 ancib.
908 1736 957 1810 16,
979 1733 1029 1794 53.
1076 1730 1189 1813 Majns
1218 1732 1309 1814 4444-

140 1822 209 1886 dam
232 1820 390 1898 ridebam,
421 1840 490 1884 cnon
521 1819 678 1884 censebam
707 1823 860 1883 oratorem
885 1867 891 1880 .
915 1866 922 1880 .
947 1867 954 1881 .
982 1817 1104 1883 4444443
1135 1819 1313 1883 ornament

139 1915 292 1990 expertem
314 1926 378 1971 4334
401 1912 550 1988 oportere.
582 1907 687 1971 deor.
710 1906 740 1984 1,
763 1910 815 1988 62,
838 1909 916 1970 264.
962 1904 1041 1968 Cam
1063 1907 1147 1969 enim
1170 1911 1235 1970 tato
1256 1906 1311 1971 ba·

139 1997 202 2062 beri
224 2000 368 2060 senatum
390 1997 459 2059 3444
481 1996 644 2074 praesidio
664 2014 728 2057 non
747 2013 840 2074 posse
858 1992 1078 2077 444444443443,
1109 1999 1175 2058 tam
1197 1995 1311 2058 344444-

139 2085 195 2148 3443
230 2085 325 2147 ctiam
361 2083 450 2146 intra
483 2101 589 2147 maros
623 2081 759 2145 Antonii
789 2080 889 2145 344443
923 2081 1147 2162 4444444444
1183 2081 1312 2146 4443444.

140 2171 224 2245 Pbit.
250 2169 322 2253 ΙΙΙ,
344 2171 372 2248 5,
395 2175 445 2234 13.
491 2169 549 2235 Sin
571 2175 674 2234 antem
696 2170 758 2233 oim
787 2168 857 2232 sine
878 2168 968 2232 coede
991 2217 998 2231 .
1022 2217 1028 2232 .
1052 2217 1059 2232 .
1081 2169 1201 2232 4444444
1223 2169 1313 2233 inteb-

140 2258 254 2342 4444443,
277 2258 423 2321 344444443
445 2257 586 2321 bomines
604 2257 814 2337 possessionis
834 2256 1009 2336 cupidiores
1030 2277 1124 2338 44444
1146 2257 1227 2321 oitae
1249 2276 1315 2321 esse

139 2350 288 2428 oportere.
324 2343 410 2409 Coeo.
433 2347 484 2419 16,
508 2349 560 2408 47.
605 2344 661 2408 En
683 2364 742 2424 444
769 2344 904 2424 efficitur
926 2343 1025 2426 44444,
1054 2350 1090 2407 44
1111 2345 1141 2407 43
1164 2349 1314 2427 44443444

139 2435 240 2512 deam,
264 2432 426 2513 4444444
448 2436 535 2496 ortas
557 2433 609 2509 344,
632 2431 725 2513 44434
747 2431 935 2495 recordetur.
963 2431 1023 2512 444.
1045 2430 1076 2514 Ι,
1099 2435 1137 2514 8,·
1152 2433 1207 2497 25.
1252 2431 1313 2512 aaa

139 2527 243 2586 antem
267 2569 274 2582 .
298 2568 304 2582 .
328 2568 335 2582 .
357 2520 547 2584 moderatius
572 2527 675 2584 tomen
698 2519 732 2582 44
753 2519 860 2582 444444
871 2518 953 2600 fieri,
976 2519 1138 2599 4444444444
1153 2519 1313 2600 qnondam

138 2608 379 2688 temperantiam
395 2607 572 2687 postnbant.
607 2608 664 2688 44.
690 2605 717 2683 1,
740 2611 768 2683 1,
791 2610 824 2687 2,
872 2604 968 2685 (taem
999 2605 1057 2687 (sc.
1088 2607 1316 2691 accitam)...

139 2697 190 2761 M.
214 2695 380 2759 Antonias
400 2695 468 2777 iam
492 2699 558 2758 tam
586 2693 729 2774 timebat,
758 2713 826 2757 cnm
859 2697 981 2757 tantam
1009 2694 1129 2759 instare
1160 2693 1313 2758 malornm

138 2782 372 2863 saspicobatnr.
392 2783 471 2862 tam.
499 2781 553 2864 VI,
569 2787 602 2859 2,
619 2786 650 2846 2.
695 2780 741 2843 Ac
763 2781 799 2843 44
821 2779 876 2844 boe
896 2800 1010 2862 penere
1027 2783 1120 2860 paeri
1142 2781 1228 2861 apnd
1250 2801 1315 2846 ma-

136 2871 256 2955 4434443
279 2874 460 2935 exercentur
487 2888 607 2952 oannes,
642 2887 712 2932 cnm
740 2868 777 2931 in
799 2868 973 2950 ejusmodi
1003 2869 1106 2933 cansis
1135 2870 1218 2933 alias
1240 2868 1318 2933 scri-

132 2964 229 3040 ptam
258 2956 342 3021 abias
371 2957 558 3037 4444444444
591 2955 755 3037 defendere
782 2955 937 3020 docentur.
975 2955 1013 3021 44
1035 2976 1080 3019 or.
1103 2955 1140 3039 1,
1164 2959 1216 3039 57,
1238 2960 1317 3022 244.

142 3044 243 3125 (taam
266 3044 348 3109 diem
371 3091 378 3105 .
403 3095 409 3108 .
432 3044 467 3106 in
490 3045 634 3108 contione
657 3044 818 3120 viderant,
848 3063 916 3106 cnm
936 3042 983 3106 ita
1012 3048 1153 3108 caperent
1176 3044 1224 3128 „si
1239 3049 1316 3124 post

142 3132 312 3197 Kalendas
327 3131 406 3197 444.
419 3131 454 3195 in
470 3131 636 3196 consilinm
653 3129 782 3194 iretnr“.
811 3129 899 3194 Verr.
910 3128 939 3208 I,
952 3134 1002 3213 11,
1011 3135 1061 3196 31.
1110 3132 1152 3197 Te
1173 3131 1316 3198 besterna

137 3240 201 3302 pro
223 3220 400 3283 testimonio
423 3238 489 3282 esse
510 3220 686 3299 mentitam,
720 3265 726 3278 .
753 3266 760 3280 .
786 3266 792 3279 .
815 3218 997 3298 impendens
1020 3219 1183 3296 indicasti,
1214 3220 1268 3301 444
1290 3223 1318 3284 44

144 3308 181 3372 Τ.
206 3305 377 3372 Claudiam
402 3312 500 3373 tecam
523 3306 765 3370 communicasse
786 3311 817 3369 44
838 3354 846 3368 .
869 3353 876 3370 .
900 3354 907 3369 .
932 3354 938 3368 .
962 3305 1093 3372 diceris.
1129 3306 1234 3372 Vatin.
1245 3310 1275 3390 1,
1287 3311 1317 3373 3.
1446 3346 1448 3359 ι

144 3393 232 3474 Quae
252 3395 312 3458 iste
333 3395 368 3458 in
385 3394 552 3474 prouincia
568 3393 679 3473 polam
701 3393 881 3472 dictitabat,
906 3413 974 3456 cnm
996 3415 1033 3458 ea
1054 3444 1060 3457 .
1084 3443 1092 3458 .
1116 3445 1123 3459 .
1147 3400 1203 3458 tna
1225 3413 1257 3458 34
1277 3396 1316 3476 p-

142 3483 234 3547 44444
260 3482 368 3563 facere
398 3481 528 3545 dicebat.
563 3481 648 3545 Verr.
677 3480 710 3562 V,
734 3483 880 3558 68,176.
926 3480 996 3546 Hoc
1024 3502 1092 3545 anm
1124 3481 1233 3548 scribit
1256 3481 1317 3563 (sc.

143 3575 308 3634 aratornm
329 3588 395 3633 esse
408 3570 611 3653 penariam),
634 3567 717 3631 44444
729 3568 872 3650 ostendit,
896 3567 1036 3650 dejectos,
1055 3570 1196 3651 fortnnis
1219 3570 1319 3634 omni·

142 3656 198 3722 bns
221 3657 368 3738 capntsos
390 3655 583 3738 4334444444
600 3654 738 3719 Rmnani
759 3656 858 3719 socios
881 3661 973 3748 44444
995 3659 1119 3724 amicos.
1150 3655 1320 3734 47444111,

143 3746 359 3827 55127.-

715 3850 741 3897 4.

230 3920 354 3985 Deinde
378 3919 500 4000 aliquot
523 3919 585 3985 loci
608 3917 817 3985 enumerandi
841 3917 998 3998 videntur,
1022 3921 1054 3985 44
1077 3920 1191 4002 quibus
1213 3919 1246 3984 in
1270 3919 1316 3985 al·

144 4008 223 4073 teris
258 4006 531 4073 enuntiationibus
562 4025 625 4071 non
656 4006 784 4090 singula
815 4007 871 4071 sed
902 4008 1037 4089 plura
1063 4007 1237 4089 objecta
1265 4008 1316 4073 vel

146 4094 320 4176 obJ‘ecta
342 4113 425 4159 cum
450 4093 673 4159 adverbiis
696 4093 912 4178 inveniantur,
937 4093 1053 4175 quibus
1075 4096 1108 4159 in
1131 4095 1243 4161 alteris
1266 4095 1317 4160 vel

145 4182 236 4263 plura
266 4182 318 4248 vel
347 4180 472 4262 singula
502 4179 628 4263 objecta
658 4182 708 4246 vel
737 4180 864 4263 objecta
897 4201 967 4248 cum
997 4181 1158 4249 adverbiis
1184 4201 1316 4265 respon·

148 4268 260 4338 deant:
289 4268 505 4335 Virtatnm
526 4269 771 4350 4444444443
791 4270 820 4333 34
842 4269 1015 4335 4444444
1037 4271 1195 4352 copiam
1217 4271 1318 4338 tradi·
