2924 4904
706 199 746 260 23

226 369 260 453 γ)
282 370 390 435 Etiam
422 368 487 434 alia
516 369 642 434 ratione
671 369 754 434 duae
777 368 973 447 sententiae,
1006 387 1087 450 quae
1116 367 1189 450 pari
1217 365 1316 434 verbo

138 454 239 540 finito,
263 458 376 522 eodem
399 455 555 538 subJ'ecto,
578 456 713 521 diversis
735 455 943 538 proferantur
965 453 1116 538 objectis,
1141 474 1315 538 congruere

138 544 225 610 inter
246 563 318 611 sese
341 549 493 626 possunt,
526 562 596 608 cnm
620 541 781 625 obJectnm
804 544 941 608 alterum
963 563 1066 626 neque
1089 562 1148 625 per
1171 561 1206 608 se
1229 543 1314 608 idem

138 632 227 697 ualet
249 633 334 713 quod
358 633 512 708 aiterum,
545 649 647 712 neque
680 631 814 695 alterius
843 650 920 713 pars
949 637 1015 714 est,
1045 632 1093 696 ita
1123 636 1230 695 tamen
1261 649 1314 695 co·

136 719 253 785 haeret
276 721 368 800 quasi
392 737 463 784 cum
487 719 608 796 altero,
641 722 678 784 ut
706 719 843 782 alterum
871 718 921 782 vel
943 719 1127 783 necessario
1150 736 1189 782 ex
1211 717 1315 783 altero

138 805 298 872 efficiatur
329 807 380 872 vel
411 807 480 870 sine
513 807 615 870 altero
647 823 710 869 non
741 806 845 886 possit
874 805 1020 886 cogitari.
1066 805 1164 887 Cujus
1187 805 1314 886 generis

136 894 201 959 loci
223 898 299 959 sunt
321 894 369 958 hi:
404 891 465 972 Qui
487 892 766 973 eloquentiae
787 913 878 957 66666
900 892 955 956 dot
977 913 1119 976 operam,
1146 893 1202 957 dat
1217 912 1314 972 pru-

135 982 309 1046 dentiae.
333 980 429 1046 Brut.
442 985 471 1062 6,
485 983 529 1044 23
542 979 751 1062 (antecedunt
762 980 858 1044 haec:
884 981 1012 1063 ,dicere
1028 980 1110 1046 enim
1128 979 1207 1044 bene
1223 997 1315 1044 nemo

136 1074 259 1150 potest,
292 1069 354 1132 nisi
384 1068 440 1148 qui
469 1067 645 1148 prudenter
674 1066 875 1150 intelligit‘).
931 1066 1116 1148 stupeamus
1145 1087 1224 1131 sane
1253 1086 1315 1130 su-

136 1156 361 1236 spitionem
383 1160 492 1217 tunm:
514 1154 642 1217 simul
664 1155 747 1216 6666
771 1154 949 1236 augebimus
971 1155 1175 1238 diliqentiam.
1207 1153 1314 1217 Marc.

137 1245 165 1321 7,
190 1247 239 1308 22
264 1243 298 1324 (i.
323 1262 350 1307 e.
375 1260 446 1307 cum
469 1241 680 1321 suspitionem
705 1247 793 1306 tuam
816 1240 1018 1323 augebimus,
1052 1240 1241 1326 augebimus
1266 1239 1314 1305 di-

136 1329 326 1410 ligentiam).
380 1328 481 1409 6666
511 1328 568 1412 (sc.
594 1328 798 1393 tribuniciam
831 1329 1040 1412 potestatem)
1073 1349 1142 1393 666
1169 1328 1316 1408 poscebat

137 1417 195 1500 (sc.
216 1418 352 1498 populus
368 1414 543 1501 Romanus)
639 1436 749 1479 reuera
764 1416 933 1498 judicio
951 1416 1108 1498 poscebat.
1147 1415 1232 1480 Verr.
1255 1421 1315 1480 act.

137 1503 167 1583 1,
191 1507 242 1580 15,
265 1509 318 1568 44.
371 1503 412 1570 Ut
430 1504 536 1583 potius
559 1502 597 1566 66
620 1503 676 1566 666
706 1523 800 1584 qnam
830 1502 946 1567 abillo
971 1509 1144 1586 accusetur,
1173 1503 1208 1567 id
1230 1509 1312 1582 peto.

137 1639 175 1654 ..
198 1640 206 1653 .
230 1590 348 1671 Quod
371 1610 440 1654 cum
463 1590 600 1666 dederis,
632 1590 702 1653 sinc
732 1590 797 1654 nlla
824 1595 876 1654 666
895 1590 1053 1670 periculo,
1087 1591 1156 1654 6666
1176 1589 1314 1670 6666666

136 1678 254 1742 illud
276 1679 408 1755 dederis,
431 1683 466 1741 ut
488 1679 517 1741 is
539 1677 728 1756 6666666666,
753 1679 842 1758 cujus
864 1698 916 1760 epo
939 1699 1036 1742 66666
1058 1677 1174 1742 laboro.
1200 1675 1312 1741 Caecil.

136 1769 167 1844 7,
190 1770 243 1831 23.
290 1765 366 1845 Qui
398 1771 453 1829 aut
486 1764 615 1828 66666
649 1769 703 1827 666
737 1767 954 1829 66666666
990 1765 1087 1843 tollit,
1125 1765 1156 1828 is
1193 1784 1313 1829 omnem

136 1854 293 1917 action
306 1875 359 1916 66
381 1852 465 1916 tollit
489 1873 505 1916 6
527 1852 603 1915 6666.
625 1871 672 1916 ac.
689 1872 743 1932 pr.
767 1851 818 1934 Π,
840 1856 895 1932 12,
918 1855 961 1917 36
982 1851 1192 1936 (antecedunt
1213 1851 1312 1917 haec:

138 1941 265 2004 omnino
288 1947 360 2004 6666
382 1939 526 2003 uideri
548 1939 671 2020 aliquid
693 1960 787 2020 quum
809 1960 829 2003 6
836 1960 981 2022 pomus
1004 1959 1126 2005 6666666
1147 1943 1202 2014 666,
1227 1939 1312 2020 eique

136 2029 217 2107 quod
249 2028 350 2091 66666
383 2032 427 2090 666
460 2025 679 2109 adsentiatur).
734 2026 822 2091 Tolle
852 2027 953 2092 lanc
984 2026 1213 2108 opinionem
1254 2028 1313 2108 (sc.

136 2119 279 2180 mortuos
312 2114 443 2180 orbatos
475 2132 546 2178 esse
578 2114 664 2178 vitae
697 2112 900 2200 commodis),
939 2114 1095 2180 luctum
1132 2113 1309 2177 sustuleris.

136 2207 213 2267 6666.
237 2201 265 2266 1.
287 2206 339 2281 13,
362 2206 405 2266 36
436 2202 469 2281 (i.
494 2220 520 2265 e.
545 2201 572 2265 si
595 2201 678 2265 hanc
701 2201 882 2281 opinionem
904 2202 1087 2280 sustuleris,
1117 2202 1239 2266 luctum
1261 2219 1314 2266 sn-

137 2288 293 2370 stuleris).
339 2288 427 2352 Hoc
448 2308 516 2351 cum
538 2287 680 2360 6666666
701 2288 843 2369 tollitque
866 2288 971 2372 Pulla,
993 2288 1206 2372 judicium
1228 2287 1313 2352 tollit

137 2376 288 2460 incogniti
310 2382 338 2439 et
360 2375 486 2458 cogniti.
519 2395 564 2439 66.
581 2395 636 2455 pr.
659 2373 709 2453 II,
732 2381 762 2454 6,
786 2380 834 2440 13.
885 2375 964 2441 (lum
978 2377 1171 2459 praesertim
1194 2395 1232 2438 66
1255 2381 1312 2438 666

138 2465 278 2529 oratione
300 2463 503 2544 quodcunque
525 2461 612 2525 tibi
629 2467 756 2541 peteres,
778 2463 869 2527 lauic
887 2469 1019 2543 peteres.
1056 2463 1147 2528 Rosa.
1163 2460 1245 2529 Gom.
1262 2465 1312 2541 18,

138 2554 180 2615 64
211 2551 410 2633 (appellatur
433 2550 517 2614 enim
539 2548 699 2627 Fannius,
733 2550 784 2614 cui
813 2551 953 2616 societas
984 2557 1055 2617 erat
1078 2568 1149 2616 cum
1170 2549 1312 2632 Roscio).

224 2638 258 2722 6)
282 2638 393 2719 Neque
416 2656 491 2701 vero
516 2655 554 2700 ea
577 2636 647 2701 sola
670 2635 797 2717 obiecta
818 2638 880 2702 huc
903 2640 1075 2719 pertinent,
1099 2655 1181 2718 quae
1204 2637 1311 2717 singu-

139 2726 178 2791 lis
201 2724 326 2807 verbis,
358 2724 415 2789 sed
439 2724 536 2788 etiam
560 2741 643 2804 quae
667 2722 859 2789 accusativis
883 2743 952 2791 cum
975 2724 1139 2790 infinitivis
1161 2725 1211 2788 vel
1233 2724 1312 2790 totis

139 2810 412 2878 enuntiationibus
442 2811 678 2892 exprimantur,
721 2812 829 2892 qualia
858 2812 891 2874 in
920 2813 971 2877 his
1004 2813 1082 2879 locis
1115 2812 1331 2876 invenimus:¹

141 2900 333 2981 Oumipitur
356 2918 482 2962 nosce
504 2904 542 2962 66
564 2897 649 2975 dicit,
671 2897 725 2961 boc
743 2898 834 2963 dicit:
857 2920 975 2964 66666
998 2901 1174 2965 666666
1196 2904 1313 2963 6666.

140 2994 214 3052 6666.
239 2987 268 3069 1,
292 2992 350 3064 22,
375 2988 428 3050 52.
475 2983 552 3049 666
575 2983 624 3048 666
647 2985 775 3050 assiduo
799 2987 952 3052 uindicem
982 2989 1146 3053 assiduum
1176 3005 1242 3050 esse
1257 2987 1314 3067 ju-

141 3075 195 3152 bet,
218 3074 396 3154 locupletem
405 3072 494 3152 jubet
510 3071 668 3152 locupleti·
691 3072 878 3154 locuples
900 3075 1004 3139 6666
1027 3080 1083 3139 666
1105 3073 1312 3138 66666666.

140 3167 200 3242 top.
222 3167 256 3245 2,
279 3166 328 3225 16.
375 3159 525 3240 Quotiens
547 3179 651 3222 eorum
673 3161 832 3241 quippiam
854 3162 952 3243 dices,
975 3163 1089 3227 totiens
1110 3181 1209 3225 6666
1231 3160 1314 3226 dices

140 3249 230 3332 illud,
253 3254 367 3313 666666
387 3247 471 3311 lunc
489 3249 658 3327 pecuniam
680 3249 747 3330 repi
770 3249 946 3314 credidisse.
993 3249 1073 3314 Rae.
1096 3248 1182 3313 Post.
1205 3251 1234 3330 9,
1256 3250 1313 3312 25.

143 3337 219 3402 (lum
241 3339 324 3401 6666
346 3334 494 3399 miserum
516 3353 582 3398 6666
602 3334 692 3413 dicia
715 3341 874 3417 666666,
898 3338 953 3418 qui
974 3358 1037 3401 non
1060 3335 1112 3415 sit,
1135 3335 1215 3400 dicis
1238 3353 1313 3415 esse.

141 3430 218 3489 tusc.
241 3422 270 3503 Ι,
295 3425 399 3506 6,12.
444 3411 480 3487 a·
509 3421 706 3486 concedimus
735 3424 945 3506 intellipentes
969 3445 1035 3489 6666
1057 3423 1144 3505 deoc,
1178 3422 1314 3487 concedi-

140 3533 208 3576 mus
231 3511 325 3576 etiam
343 3509 550 3589 procidentes.
572 3509 618 3573 de.
642 3514 708 3573 nat.
732 3509 783 3589 11,
805 3516 856 3588 30,
878 3516 930 3577 77.
976 3511 1037 3592 Qui
1055 3511 1212 3592 postulat,
1235 3516 1271 3573 66
1293 3530 1314 3573 6

142 3620 200 3682 quo
224 3599 289 3663 loco
313 3597 447 3679 dejectus
471 3601 515 3661 666
518 3643 647 3675 .....
669 3616 702 3659 66
725 3598 929 3679 66666666666,
961 3600 1015 3665 boc
1031 3598 1188 3679 postulat,
1219 3602 1254 3660 66
1276 3597 1313 3662 66

142 3707 208 3751 666
230 3688 335 3767 ipsum
359 3685 458 3749 locum
481 3683 676 3747 restituatur.
704 3683 793 3748 anc.
815 3690 865 3763 36,
888 3691 940 3752 88.
984 3686 1036 3750 De
1056 3686 1155 3762 nobis,
1179 3703 1254 3767 quos
1277 3684 1314 3748 in

141 3773 320 3855 republica
344 3779 440 3836 tecum
462 3771 558 3835 simul
580 3790 644 3835 6666
666 3771 808 3850 noluisti,
838 3776 979 3855 quotiens
1001 3773 1168 3858 capitalis,
1198 3771 1313 3837 6666666

143 3912 150 3928 .
174 3913 180 3927 .
206 3912 212 3926 .
238 3912 244 3925 .
268 3862 305 3925 de
328 3859 488 3943 siupnlnri
509 3858 666 3939 sapientia
688 3859 847 3942 cogitabis.
878 3863 983 3926 Marc.
1008 3868 1037 3939 6,
1059 3866 1088 3926 9.
1134 3859 1313 3939 Sapientem

144 3997 151 4015 .
176 3998 182 4014 .
207 4000 214 4013 .
237 3949 426 4028 uoluptatem
442 3951 548 4027 petere
570 3947 600 4010 66
622 3945 776 4021 dicemus,
806 3950 909 4014 mellis
937 3969 1032 4015 66666
1061 3949 1199 4012 dicemus
1222 3953 1313 4012 66666

142 4036 289 4102 molitum.
320 4034 619 4116 6661636112.
664 4033 700 4100 sa·
731 4036 835 4116 qualis
863 4038 907 4101 sit
937 4037 1061 4101 animus
1090 4037 1158 4115 ipse
1186 4036 1313 4100 animus

144 4129 271 4203 6666666,
293 4124 344 4189 dic
365 4141 495 4205 quaeso,
524 4141 564 4186 ne
586 4141 651 4187 esse
672 4123 796 4205 quidem
816 4144 849 4190 ae
871 4125 963 4209 sciet,
994 4145 1033 4189 66
1054 4123 1170 4189 moueri
1191 4124 1313 4207 quidem
