2924 4904
764 365 804 425 36

194 531 316 597 eosdem
337 531 410 596 illas
435 532 471 612 (i.
487 553 508 595 c.
531 531 620 614 deos)
645 531 749 614 nrlcs,
772 553 851 614 quas
873 551 930 596 nos
952 531 1087 598 incolere
1109 532 1285 598 voluerunt.
1314 534 1375 617 leq.

192 616 243 701 ΙΙ,
254 623 304 701 11,
315 622 369 683 26.
416 616 512 683 Facit
531 618 632 698 iqitur
654 618 776 684 Lucius
798 625 906 684 noster
924 621 1160 702 prudenter,
1182 621 1237 702 qui
1259 621 1377 686 audire

193 705 370 769 desummo
394 704 474 768 bona
489 706 693 785 potissimum
714 707 797 770 velit.
819 708 876 788 fin.
900 707 935 788 V,
948 708 977 783 6,
990 709 1041 771 15.
1087 706 1230 772 Faciunt
1251 708 1305 771 im
1307 729 1334 789 qr
1344 729 1377 771 e-

190 793 293 875 rite,
322 793 377 874 qui
399 793 436 855 in
457 792 518 855 isto
536 792 680 872 pericula
703 813 767 857 non
790 799 826 857 ut
848 799 994 872 aqoeta,
1018 793 1074 858 sed
1095 800 1131 858 ut
1152 815 1170 858 a
1193 799 1268 859 teste
1289 796 1375 859 ucri-

193 882 287 942 tatem
310 880 447 961 cuiqant.
472 879 527 960 leq.
552 878 582 957 Ι,
605 886 634 957 1,
659 885 689 945 4.
735 879 967 945 Praeclare
988 879 1088 962 iqitur
1107 883 1227 961 facitis,
1250 881 1377 946 tribuni

188 965 245 1047 m,
269 967 323 1045 qui
345 969 383 1030 de
400 966 566 1048 praesidia
589 965 750 1030 consulum
772 972 961 1048 senatusque
982 968 1140 1048 reseratis.
1187 968 1272 1034 Pliil.
1298 967 1376 1050 ΙΙΙ,

192 1055 242 1135 10,
265 1056 318 1118 25.
365 1052 427 1131 qm·
450 1057 554 1116 aretem
575 1053 610 1116 in
631 1055 749 1117 uirtute
770 1073 927 1117 summum
948 1055 1062 1118 bonnm
1080 1061 1225 1135 pannoni,
1252 1075 1375 1135 prue-

191 1137 274 1202 clare
297 1139 348 1202 illi
371 1140 493 1221 quidem
517 1138 744 1222 (sufiiciunt).
768 1161 828 1205 am.
844 1146 872 1222 6,
885 1145 938 1205 20.
983 1139 1045 1220 Qut
1067 1145 1170 1205 antem
1191 1142 1375 1226 requirunt,

190 1226 267 1306 qnid
288 1245 412 1308 qnoque
434 1227 472 1290 de
492 1246 527 1289 re
547 1226 615 1307 ipsi
635 1231 819 1310 sentiamus,
842 1229 1051 1293 curiosius
1072 1228 1109 1292 id
1127 1229 1254 1310 faciunt
1276 1249 1376 1311 quam

190 1331 312 1376 necesse
334 1319 389 1377 est.
413 1313 460 1377 de.
483 1319 551 1377 nat.
576 1312 655 1396 I,5,
676 1319 725 1378 10.
773 1313 835 1393 Qui
857 1335 922 1379 non
944 1315 1086 1396 defendit
1106 1316 1263 1397 injuriam
1287 1366 1294 1381 .
1319 1364 1327 1380 .
1355 1365 1375 1398 .,

186 1399 356 1480 injusto
375 1401 463 1481 facit.
506 1401 557 1482 off.
581 1400 653 1484 111,
676 1405 728 1482 18,
751 1404 802 1464 74.
853 1402 901 1466 Tu
930 1408 1050 1483 autem,
1083 1405 1139 1483 qni
1169 1403 1205 1466 id
1232 1404 1374 1485 qnaeris,

188 1485 395 1551 similiter
413 1487 500 1567 facis
523 1506 560 1552 ac
583 1537 590 1551 .
616 1536 623 1551 .
648 1536 655 1552 .
679 1487 966 1569 dc.nat.III,3,8
990 1489 1046 1570 (cs.
1070 1488 1373 1574 tuso.IV,18,41).

189 1571 351 1636 Aliter
373 1578 466 1654 atque
487 1574 683 1639 ostenderam
702 1575 798 1655 facio,
820 1575 875 1656 qui
897 1575 1061 1657 inqrcdiar
1083 1576 1125 1640 ad
1147 1576 1375 1657 explicandam

188 1660 343 1724 rationem
364 1661 541 1725 sententiae
562 1681 654 1726 ureae.
675 1662 753 1742 fam.
777 1659 827 1744 II,
851 1666 881 1743 3,
902 1665 934 1726 2.
981 1662 1094 1728 Potest
1117 1663 1217 1728 etiam
1240 1682 1374 1746 compa-

188 1748 257 1812 rari
281 1748 332 1812 hio
355 1749 464 1814 locus:
500 1747 659 1813 Callidum
684 1750 805 1830 factum
833 1748 974 1815 Socratis
1006 1750 1045 1830 (i.
1069 1770 1093 1814 e.
1117 1750 1276 1815 callide
1294 1751 1374 1830 fecit

186 1833 249 1918 8.),
272 1834 327 1915 qui
351 1884 358 1898 .
384 1883 391 1900 .
415 1884 422 1900 .
443 1837 551 1915 furere
570 1854 606 1900 se
625 1835 798 1901 simulauit.
834 1836 885 1918 off.
909 1834 939 1917 Ι,
960 1839 1011 1918 30,
1034 1839 1106 1901 108.

277 1921 536 1986 Praeclare
554 1922 655 2005 facis,
684 1942 776 1986 cunr
800 1970 806 1984 .
832 1971 839 1985 .
865 1971 872 1986 .
889 1941 1026 2002 querum
1047 1922 1167 2004 diliqis.
1210 1923 1268 2005 fin.
1294 1921 1371 2006 ΙΙΙ,

191 2010 217 2089 2,
230 2011 261 2071 9.
308 2006 386 2073 (lum
409 2009 520 2074 dicunt
542 2009 597 2073 loc
619 2028 653 2072 se
672 2029 772 2072 unum
794 2007 912 2092 tollere,
935 2013 970 2072 ut
994 2057 1063 2091 ...,
1082 2006 1208 2091 jaciunt
1227 2011 1371 2090 pueri-

184 2092 312 2158 liter.
349 2095 408 2159 Ac.
428 2115 481 2175 qur.
504 2093 555 2178 ΙΙ,
578 2099 630 2173 11,
653 2099 705 2160 33.
750 2094 848 2160 Nunc
869 2116 938 2160 cum
960 2101 1083 2160 coactus
1106 2096 1226 2179 dicam,
1363 2148 1371 2161 .

185 2186 288 2244 tannen
311 2180 346 2244 id
368 2181 472 2262 ipsum
493 2201 693 2247 ocreoun
707 2181 755 2247 de
776 2182 1037 2263 modiceque
1056 2183 1186 2264 faciam.
1226 2181 1311 2247 Tuli.
1338 2186 1371 2248 5.

186 2266 289 2331 (livi
305 2273 400 2333 tate
422 2273 542 2332 teste
560 2270 687 2351 fecisti,
720 2288 790 2333 cum
812 2288 930 2333 mecum
951 2270 1136 2334 inimicitias
1158 2271 1370 2334 communica-

183 2354 268 2418 visti.
290 2356 369 2435 fam.
396 2354 473 2437 XV,
495 2359 549 2437 21,
571 2359 603 2421 2.
649 2355 741 2436 Quod
763 2375 834 2437 erqo
856 2356 910 2420 ille
931 2377 976 2436 re,
997 2357 1032 2421 id
1053 2378 1108 2438 eqo
1131 2359 1225 2421 etiam
1248 2356 1372 2421 ocrim

186 2439 245 2522 (sc.
266 2441 382 2524 facio),
407 2462 476 2506 cum
497 2443 702 2522 imperatores
724 2462 774 2508 eos
797 2442 928 2523 aqoqoello.
963 2442 1050 2509 Pon.
1076 2443 1170 2527 XIV,
1192 2446 1221 2526 9,
1244 2448 1300 2509 24.
1324 2480 1370 2490 -

271 2528 339 2592 Hoc
360 2529 587 2609 quidquid
609 2530 718 2613 attiqi,
753 2549 818 2595 non
843 2531 906 2611 feci
937 2530 1270 2611 inflammandi
1300 2530 1371 2594 tui

181 2626 338 2678 causas
363 2615 444 2697 fam.
468 2614 517 2692 ΙΙ,
540 2620 571 2699 4,
593 2619 618 2681 2
650 2619 710 2701 (cf.
735 2617 852 2682 Planci
874 2619 909 2680 in
932 2617 1072 2696 epistula
1100 2617 1141 2682 ib.
1170 2616 1213 2700 X,
1234 2621 1280 2680 24
1302 2620 1325 2696 §
1347 2623 1371 2683 6

181 2700 344 2784 Quidquid
365 2703 423 2766 tibi
444 2703 560 2785 scribo,
581 2705 795 2769 dolenter
817 2703 988 2768 mehercule
1000 2704 1102 2786 moqis
1124 2724 1218 2786 quam
1239 2703 1369 2768 inimice

176 2789 291 2872 facio).
338 2788 547 2871 Quaecunque
568 2790 669 2872 iqitur
685 2791 961 2856 leonrineslromini
982 2791 1125 2855 tribuunt
1148 2791 1191 2855 ad
1214 2810 1284 2854 enm
1307 2812 1369 2854 au·

178 2876 316 2957 qaudam
337 2882 429 2958 atque
450 2877 695 2961 leonestaudum,
730 2884 787 2942 acet
815 2877 1174 2942 beneuolentiae
1200 2879 1370 2960 qratia

178 2961 313 3043 faciunt,
338 3012 345 3027 .
370 3012 377 3027 .
403 3013 410 3028 .
435 2969 491 3028 aut
511 2964 648 3029 lacrmis.
683 2966 735 3047 off.
758 2963 809 3045 ΙΙ,
832 2968 864 3046 6,
885 2965 1004 3029 21.’-
1027 2964 1089 3030 Sed
1111 2965 1178 3046 aqit
1199 2963 1369 3029 libera-

182 3049 308 3131 liter,
332 3069 385 3130 qn
398 3069 414 3114 o
427 3051 547 3114 niam
569 3057 663 3130 neqat
684 3071 718 3115 se
739 3051 1079 3133 quiequamfocturum
1096 3055 1369 3117 contranostram

179 3133 380 3200 uoluntatem.
415 3135 484 3200 All.
512 3134 619 3212 ΧῙΙΙ,
644 3142 674 3212 6,
696 3142 735 3201 2.,
775 3174 816 3185 -
860 3137 955 3202 Nilil
973 3139 1099 3218 fecisset
1121 3138 1370 3222 libentius,

178 3241 308 3302 quam
329 3241 448 3287 omnem
470 3222 561 3287 illam
583 3224 780 3288 acerbitatem
793 3225 1042 3304 proscriptionis
1052 3245 1129 3290 snae
1223 3225 1261 3289 in
1282 3223 1369 3290 lianc

180 3328 279 3373 unam
307 3310 519 3390 quaestionem
549 3311 741 3376 contulisset.
790 3310 1082 3392 Olrcent.55,151.
1128 3311 1222 3393 (Non
1243 3311 1366 3376 melier-

180 3395 247 3460 cule
271 3445 278 3460 .
302 3445 309 3460 .
335 3446 342 3461 .
365 3397 535 3477 quidquam
558 3396 793 3462 libentius
811 3397 906 3483 facio,
930 3419 1025 3480 qnam
1047 3398 1147 3463 scribo
1162 3399 1255 3463 nolte.
1286 3395 1368 3464 Oas-

180 3483 225 3547 sii
245 3503 293 3563 eqo.
316 3485 394 3562 fam.
420 3483 494 3566 XV,
518 3489 568 3567 19,
592 3488 621 3549 1.

266 3569 514 3650 Recuperatores
543 3571 626 3636 dicis
654 3574 687 3634 te
716 3571 874 3635 daturum.
922 3570 1044 3636 Bene
1076 3570 1147 3654 nqis
1181 3570 1221 3653 (i.
1245 3591 1270 3637 e.
1295 3592 1366 3637 cum

177 3655 269 3737 dicis,
291 3659 389 3740 aqis).
411 3656 498 3722 Verr.
510 3657 583 3736 ΙΙΙ,
594 3659 725 3741 59,135.
743 3656 821 3723 Jam
834 3658 852 3722 b
863 3679 879 3722 e
889 3679 940 3722 ue
955 3658 1047 3740 aqis,·
1069 3657 1202 3722 aocrlns
1217 3659 1302 3723 enim
1314 3680 1365 3723 re·
1379 3688 1392 3712 ιτ

179 3743 263 3807 cedis
284 3749 313 3807 et
335 3745 491 3825 aequitate
512 3745 620 3809 uteris.
668 3744 756 3810 anc.
781 3749 833 3828 13,
855 3747 907 3809 37.
942 3780 984 3791 -
1028 3744 1119 3809 Fecit
1147 3747 1365 3824 peniteat

179 3829 326 3895 eallid
338 3852 374 3896 e:
407 3832 550 3895 uolumen
580 3832 648 3914 ejus
670 3852 776 3895 rerum
806 3837 968 3912 qestarum
988 3831 1162 3894 marciarum
1183 3831 1239 3897 isti
1260 3838 1366 3897 osten-

177 3916 234 3983 dit.
287 3916 372 3983 Verr.
396 3917 428 3998 Ι,
452 3921 506 3998 38,
528 3919 578 3981 97.
653 3919 700 3982 Ac
734 3919 900 3999 queritur:
943 3919 1231 3998 impudenter
1270 3920 1361 3998 facit.

176 4001 289 4067 Flaec.
313 4009 368 4083 24,
392 4007 442 4069 57.
490 4004 667 4070 Consilium
689 4006 837 4086 capiunt,
878 4010 914 4068 nt
935 4005 977 4068 ad
998 4024 1103 4068 seruos
1126 4003 1176 4068 M.
1205 4004 1293 4070 Tulli
1314 4026 1364 4069 vc-

177 4089 290 4156 niant:
322 4092 425 4156 dolo
459 4091 570 4156 malo
599 4091 733 4171 faciunt.
777 4090 881 4155 Arma
915 4092 1069 4172 capiunt:
1104 4091 1176 4158 dolo
1198 4091 1284 4157 nralo
1311 4095 1363 4173 sa·

179 4176 275 4242 ciunt.
297 4199 322 4243 c.
346 4199 374 4260 q.
398 4199 423 4244 s.
465 4179 548 4245 Tull.
571 4182 625 4243 34.
673 4176 879 4242 Consulatum
910 4179 998 4243 uobis
1021 4177 1212 4262 eripiebant,
1245 4178 1362 4245 danari

177 4269 279 4329 oestro
299 4265 531 4351 repuqnabant,
554 4272 584 4330 et
606 4272 709 4330 tanuen
731 4265 767 4329 id
799 4265 1041 4331 inuiolata
1073 4270 1228 4330 restra
1262 4267 1361 4331 omi·
