2924 4904
723 352 742 411 ‘t

140 517 221 582 mihi
242 517 379 584 videtur.
426 518 509 584 Nam
526 520 553 585 is
571 539 663 600 quem
682 518 744 584 sibi
760 519 924 600 provincia
941 516 1144 583 defensorem
1166 518 1218 581 sui
1238 516 1320 597 juris

142 605 328 688 adoptavit,
360 625 419 688 pro
449 607 521 688 ipsa
551 613 601 672 est
632 607 796 689 provincia
820 624 924 687 neque
946 605 1018 686 ipsa
1041 603 1206 686 provincia
1227 623 1321 671 accu-

142 709 217 757 sare
238 697 365 773 potest,
396 692 459 758 nisi
488 712 547 775 per
577 694 646 775 ejus
676 712 864 777 personam,
897 693 951 775 qui
982 709 1111 757 causam
1143 690 1212 772 ejus
1243 691 1320 774 agit.

141 779 257 860 Itaque
281 781 380 845 etiam
411 780 471 846 hoc
500 781 570 845 loco
601 781 818 846 coincidentes
842 778 998 845 contineri
1020 778 1199 844 sententias
1222 795 1320 859 agno-

144 866 295 931 scendum
320 865 478 932 existimo.
524 869 630 948 Atque
660 887 699 932 ex
729 867 803 949 ipsa
833 885 905 932 ann.
931 870 948 929 2
972 866 1034 931 huc
1056 865 1220 947 pertinere
1242 870 1321 946 puto

141 951 225 1018 hunc
248 952 370 1019 locum:
403 954 477 1034 Ipsi
504 974 566 1035 qua
596 974 743 1036 quemque
769 955 805 1018 in
836 953 971 1018 tenebris
991 972 1095 1032 paror
1118 951 1237 1029 tulit,
1261 952 1320 1033 fn·

138 1045 301 1121 perant.
338 1040 409 1104 Ida.
433 1045 465 1120 4,
488 1045 537 1106 39.
590 1041 674 1106 Nam
703 1060 821 1122 pavore
852 1039 930 1105 ferri
961 1044 994 1104 et
1027 1037 1142 1122 fugere
1176 1037 1320 1120 ejusdem

143 1124 212 1191 fere
235 1132 310 1192 sunt
332 1127 481 1193 notionis.
527 1128 674 1209 Denique
696 1129 729 1193 in
759 1147 831 1193 ann.
851 1134 878 1206 l,
904 1146 968 1209 qua
989 1127 1087 1191 latius
1111 1125 1240 1206 quidem
1261 1144 1319 1207 pa-

139 1216 209 1278 tere
233 1213 466 1280 coincidentiae
497 1233 589 1280 usum
620 1216 796 1297 scriptores
829 1214 1051 1279 demonstrare
1081 1212 1242 1278 voluerint
1264 1211 1318 1298 (cf.

138 1317 170 1380 p.
198 1305 234 1364 ll
253 1302 316 1382 sq.)
341 1306 450 1365 tamen
473 1301 535 1366 duo
559 1304 705 1383 exempla
728 1301 951 1383 reperiuntur,
982 1318 1065 1382 quae
1095 1300 1180 1363 inter
1210 1298 1320 1380 priora

138 1391 227 1452 recte
261 1388 340 1452 mihi
372 1389 520 1454 videntur
550 1389 722 1454 referenda
753 1388 871 1467 fuisse,
905 1406 977 1452 cum
1007 1386 1106 1452 etiam
1136 1387 1169 1450 in
1191 1385 1231 1451 iis
1255 1385 1320 1452 sint

137 1473 237 1539 rerba
259 1492 442 1557 synonyma.
489 1475 564 1541 Sum
596 1482 703 1542 autem
735 1476 767 1539 hi
796 1476 876 1542 loci:
907 1474 993 1554 Quae
1019 1473 1099 1537 uitia
1126 1473 1181 1553 qai
1206 1473 1320 1555 snpe-

136 1559 215 1640 rit,
246 1562 353 1625 omnia
374 1562 453 1626 vitia
481 1563 690 1628 vitaverit
717 1562 782 1645 (or.
807 1567 858 1638 69,
882 1562 976 1644 231).
1022 1558 1101 1624 Onm
1123 1564 1189 1623 tuto
1211 1559 1320 1624 dederi

136 1653 281 1712 senatum
309 1649 379 1713 sine
407 1649 570 1729 praesidio
599 1669 663 1714 non
691 1668 785 1730 posse
807 1646 1110 1732 judicavistis,
1142 1651 1209 1710 tum
1238 1651 1318 1710 sta·

136 1734 282 1884 tlrzistis
304 1737 399 1800 etiam
421 1737 510 1802 intra
530 1756 636 1802 muros
657 1736 795 1801 Antonii
816 1736 915 1801 scetus
936 1734 1159 1814 audaciamque
1185 1734 1317 1798 uersari.

177 1841 225 1886 ur.
247 1826 302 1902 26,
326 1827 377 1888 13.

222 2079 332 2146 Etiam
355 2100 427 2147 cum
448 2080 483 2147 in
505 2082 661 2164 primaria
692 2081 913 2148 enuntiatione
944 2078 1112 2147 verbum
1143 2077 1318 2161 aliquod

135 2168 356 2248 generalis
379 2170 584 2248 notionis,
617 2170 706 2235 velut
729 2169 889 2251 facere,
914 2186 1028 2250 agere,
1053 2166 1200 2233 accidere
1223 2184 1317 2248 repe-

136 2253 251 2336 riatur,
275 2273 337 2320 non
361 2255 442 2321 dues
464 2274 528 2338 res,
552 2257 610 2322 sed
633 2275 728 2322 unam
751 2254 941 2338 significari,
966 2252 1205 2320 concedendum
1226 2253 1316 2318 vide-

137 2346 199 2406 tur.
245 2340 329 2405 Nam
352 2343 385 2406 in
404 2342 455 2408 his
471 2361 596 2425 quoque
611 2344 775 2427 exemplis,
799 2343 884 2424 quod
905 2341 976 2408 fieri
1000 2340 1192 2407 secundaria
1215 2358 1316 2404 enun-

68 2495 70 2499 ,
135 2427 271 2493 tiatione
294 2428 423 2511 dicitur,
458 2429 544 2495 idem
566 2431 721 2511 primaria
745 2430 965 2495 enuntiatione
989 2428 1147 2511 quomodo
1169 2425 1237 2509 fiat,
1262 2445 1315 2490 ex·

136 2514 285 2596 plicatur.
332 2516 436 2597 HuJus
464 2517 592 2598 generis
622 2517 656 2581 in
678 2518 728 2583 ed.
752 2518 801 2582 III
831 2517 978 2597 exempla
1008 2513 1185 2580 afferuntur
1214 2514 1315 2578 haec:

136 2601 226 2666 Bene
252 2603 421 2683 facitis,
455 2623 525 2667 cum
556 2605 725 2669 venitis.
763 2606 857 2667 Anat.
885 2604 927 2668 ad
959 2603 1037 2666 Her.
1067 2605 1109 2666 50
1146 2602 1167 2666 i.
1199 2618 1226 2665 e.
1259 2599 1316 2665 ad·

135 2694 250 2754 ventus
272 2694 381 2755 vester
403 2687 593 2755 beneficium
616 2696 675 2757 est.
721 2690 895 2755 Praeclare
923 2691 1057 2772 sacis,
1089 2708 1157 2752 cam
1183 2707 1317 2768 puerum

136 2774 298 2857 dilipis.
320 2777 377 2857 dn.
400 2781 430 2854 3,
453 2781 482 2840 9.
526 2776 623 2845 Senes
652 2797 722 2843 cam
750 2796 817 2842 rem
843 2777 1007 2858 pubiicum
1036 2775 1167 2840 consitio
1197 2780 1227 2838 et
1258 2793 1316 2838 au-

137 2862 280 2926 ctoritate
317 2863 647 2944 defendebant,
688 2864 769 2928 ninid
809 2863 1038 2947 apedant?
1069 2881 1133 2926 sen.
1160 2863 1201 2926 15
1232 2861 1254 2925 i.
1288 2879 1315 2925 e.

136 2948 216 3014 illud
239 2949 414 3016 defendere
438 2958 550 3016 eratne
580 2951 661 3015 nihil
693 2953 814 3033 agere?
860 2949 1042 3015 Fecisti
1075 2948 1154 3013 midi
1180 2968 1316 3031 perpra-

137 3039 219 3118 tnm,
254 3038 334 3118 qnod
365 3037 551 3117 Serapionis
584 3037 699 3102 tibrum
731 3039 773 3103 ad
805 3058 852 3102 me
885 3036 1073 3101 misisti.
1130 3035 1199 3100 Att.
1224 3039 1264 3116 2,
1287 3038 1316 3098 4.

136 3121 258 3188 Fecit
279 3123 459 3191 inmaniter
481 3125 646 3204 Liciniae,
678 3125 759 3206 qnod
790 3125 833 3189 ad
861 3145 910 3189 me
935 3123 1030 3188 misso
1058 3127 1172 3200 senatu
1197 3121 1317 3202 oespai

137 3209 262 3275 uenit.
297 3211 418 3293 Qasr.
443 3216 529 3293 2,1.
574 3211 787 3279 Nititatind
813 3214 1026 3293 fecerunt,
1062 3209 1129 3274 nisi
1158 3229 1223 3273 rem
1252 3208 1316 3271 de·

138 3296 364 3362 tulerunt.
391 3298 485 3364 Rosa.
506 3298 580 3363 Am.
604 3302 657 3363 37.
701 3298 893 3382 Perqratnm
915 3298 993 3362 midi
1012 3297 1203 3379 seceris,
1226 3296 1257 3360 si
1279 3296 1316 3359 de

138 3383 278 3448 amicitia
300 3385 537 3466 disputaris
558 3384 635 3467 qaid
656 3387 786 3451 sentias.
821 3407 872 3450 am
895 3389 963 3450 16,1
990 3384 1136 3467 Denique
1163 3383 1225 3448 huc
1245 3401 1316 3465 per·

138 3469 220 3536 tinet
242 3471 320 3536 hoc:
353 3472 545 3538 Accidit
570 3472 838 3552 perincommode,
871 3472 953 3552 qnod
980 3491 1048 3535 eum
1077 3489 1234 3551 nusquam
1263 3469 1316 3532 ci·

138 3555 159 3619 d
166 3557 253 3622 isti.
289 3559 357 3622 Att.
379 3563 419 3642 2,
442 3565 471 3624 4.
531 3559 614 3624 Nam
646 3561 743 3626 etiam
775 3560 889 3625 horum
920 3556 1089 3624 verborum
1122 3556 1316 3623 sententiam

128 3643 185 3708 'sic
201 3645 381 3726 exprimere
395 3664 584 3728 possumus:
608 3647 697 3714 istud
719 3666 782 3711 non
804 3647 913 3711 videre
937 3663 1031 3711 casus
1053 3643 1115 3710 fuit
1136 3643 1315 3726 perincom-

140 3731 263 3808 modus,
286 3738 324 3798 ut
345 3732 393 3798 ita
417 3733 531 3799 dicam.
578 3733 765 3816 Subjectum
785 3740 893 3799 autem
918 3751 1015 3798 unum
1038 3749 1244 3797 esserursus
1267 3731 1314 3795 in-

139 3817 296 3899 telligitur
320 3820 444 3899 potius,
478 3838 573 3901 quem
600 3820 707 3888 verbis
735 3821 939 3902 exprimitur,
972 3820 1164 3899 praesertim
1188 3836 1260 3883 oum
1281 3817 1314 3883 in

140 3902 237 3969 verbo
263 3905 421 3989 ,accidit“
444 3912 481 3972 ut
503 3907 709 3988 impersonali
733 3907 817 3990 quod
841 3908 960 3988 dicunt,
985 3911 1109 3972 certum
1133 3904 1314 3987 subJectum

140 3991 265 4057 omnino
289 3992 393 4059 locum
416 4012 478 4058 non
501 3993 632 4079 habeat,
656 3995 696 4061 cf.
714 3995 763 4059 ed.
777 3995 834 4059 III.
848 3995 865 4077 ἕ
881 3999 951 4059 109.
968 4012 1040 4058 ann.
1055 3997 1090 4057 2:
1117 3992 1197 4074 ,Die
1220 3992 1314 4056 Iden-

141 4078 239 4162 ,sitm
260 4078 319 4144 der
339 4079 489 4161 Subjecte
512 4083 677 4149 versteckt
700 4082 769 4148 sich
791 4082 955 4163 mitunter,
979 4101 1007 4144 z.
1017 4080 1053 4144 B.
1078 4077 1131 4144 bei
1153 4079 1225 4143 dem
1251 4079 1314 4144 Ge-

142 4163 303 4249 ,brauche
318 4167 406 4233 eines
421 4170 690 4249 unpersdnlichen
702 4168 871 4247 Verbums‚
894 4167 953 4233 wie
969 4165 1076 4233 licet‘.
1123 4166 1193 4244 Qua
1208 4185 1246 4231 ex
1258 4185 1314 4232 an·

139 4253 304 4318 notatione
324 4253 422 4319 etiam
438 4255 498 4320 hoc
515 4258 695 4340 exemplum
705 4257 767 4324 huc
780 4254 897 4321 referri
910 4258 1057 4337 oportet:
1087 4250 1316 4320 Gratissimum
