2924 4912
734 329 794 390 116

243 503 267 556 3.
288 503 334 570 qui
354 499 534 569 pendeat'ex
553 501 803 569 praeterito,
832 500 960 570 conjungi

280 609 307 647 a.
326 592 528 660 conjunctivum
547 590 701 659 imperfecti
727 629 1226 647 ............
1264 608 1291 661 p.
1320 596 1358 648 94

280 682 307 736 b.
326 681 504 735 indicativum
522 679 677 750 imperfecti
724 720 1226 737 ............
1265 723 1278 752 „
1318 684 1356 737 95

207 768 256 823 111.
275 769 740 836 Cuminfinitivofuturi‚

245 863 268 912 1.
289 860 335 926 qui
353 859 472 927 pendeat
492 875 534 913 ex
552 860 743 926 praesenti
763 865 811 912 aut
830 875 873 912 ex
892 860 1122 927 praeterito,

279 963 304 1001 a.
323 949 525 1016 conjunctivum
543 955 592 1002 aut
610 949 766 1015 praesentis
785 954 833 1001 aut
851 947 1005 1014 imperfecti
1043 989 1049 1002 .
1088 987 1094 1002 .
1132 989 1138 1003 .
1177 988 1184 1002 .
1219 988 1226 1004 .
1264 990 1278 1020 „
1317 954 1354 1006 96

278 1038 304 1090 1).
324 1043 371 1090 aut
390 1037 508 1103 perfecti
527 1044 574 1090 aut
594 1035 855 1104 plusquamperfecti
875 1037 1002 1104 conjungi
1037 1076 1224 1093 .....
1263 1079 1276 1108 „
1317 1043 1354 1094 96

242 1130 269 1180 2.
288 1126 334 1193 qui
353 1127 471 1193 pendeat
497 1142 538 1180 ex
564 1126 721 1194 futuro,
749 1125 926 1179 futurum
952 1131 1135 1180 exactum
1164 1141 1226 1181 con·

284 1199 364 1266 jungi
383 1199 473 1252 solere
498 1235 1224 1254 .................
1263 1240 1276 1268 „
1316 1202 1352 1254 97

243 1294 268 1343 3.
289 1289 336 1355 qui
354 1288 472 1355 pendeat
492 1303 524 1342 ex
543 1287 683 1354 praesenti
702 1286 785 1339 semel
804 1285 886 1340 indic.
905 1284 992 1339 futuri
1010 1287 1116 1353 exacti,
1142 1287 1224 1342 semel

288 1361 490 1428 conjunctivum
509 1357 726 1427 plusquamperf.
745 1358 874 1426 conjungi
908 1397 1225 1414 ........
1264 1399 1277 1428 „
1317 1362 1353 1414 97

243 1453 270 1504 4.
289 1451 329 1503 De
348 1447 489 1502 infinitivis
511 1454 648 1515 ,amatum
666 1445 743 1500 fore“
763 1454 790 1499 et
810 1452 981 1514 „amaturum
1000 1445 1135 1501 fuisse“.
1175 1487 1181 1501 .
1219 1488 1225 1501 .
1264 1489 1277 1517 ,
1318 1451 1353 1503 90

207 1539 254 1594 IV.
274 1539 341 1593 Cum
360 1535 547 1589 infinitivo
567 1534 721 1602 perfecti

245 1633 268 1681 1.
289 1625 424 1694 pendente
444 1641 477 1678 ex
496 1625 636 1692 praesenti
656 1623 784 1692 conjungi

279 1732 303 1770 a.
324 1715 526 1782 conjunctivum
545 1711 662 1780 perfecti
725 1751 1224 1768 ............
1263 1753 1276 1781 ,‚
1317 1717 1352 1768 99

278 1804 305 1856 b.
325 1803 501 1856 indicativum
522 1799 639 1867 perfecti
682 1836 1224 1855 .............
1263 1841 1276 1869 „
1301 1804 1353 1854 100

283 1910 307 1948 c.
327 1908 392 1945 raro
412 1891 589 1945 indicativum
608 1889 764 1957 imperfecti
816 1927 1222 1943 ..........
1261 1929 1274 1958 „
1299 1893 1348 1942 101

244 1986 268 2034 2.
288 1981 424 2049 pendente
443 1996 482 2033 ex
501 1979 514 2032 f
521 1988 637 2033 utura
657 1979 786 2046 conjungi

279 2086 303 2124 a.
324 2070 526 2137 conjunctivum
544 2067 661 2135 perfecti
680 2083 730 2135 pro
750 2068 821 2134 conj.
841 2065 928 2119 futuri
946 2065 1037 2119 exacti
1084 2105 1090 2120 .
1128 2106 1134 2118 .
1172 2106 1178 2119 .
1217 2105 1223 2120 .
1263 2070 1351 2135 ,102

277 2160 303 2212 b.
323 2159 500 2211 indicativum
518 2157 604 2210 futuri
624 2157 715 2211 exacti
771 2193 1223 2211 ...........
1261 2196 1274 2224 ,
1299 2159 1350 2208 102

282 2266 306 2302 e.
326 2247 502 2300 indicativum
522 2245 638 2312 perfecti
680 2283 1222 2300 .............
1261 2284 1274 2313 „
1300 2247 1351 2298 103

279 2337 305 2389 (1.
325 2336 526 2404 conjunctivum
545 2336 653 2402 proprii
672 2333 788 2401 perfecti
807 2334 939 2400 temporis
993 2372 1223 2387 ......
1262 2372 1275 2401 „
1299 2335 1351 2385 104

243 2430 268 2479 3.
288 2424 423 2493 pendente
442 2440 484 2477 ex
503 2424 736 2492 praeterito
757 2422 885 2492 conjungi

277 2532 301 2568 a.
322 2513 499 2567 indicativum
518 2511 780 2580 plusquamperfecti
812 2548 1222 2566 ..........
1261 2551 1275 2579 „
1299 2513 1351 2563 104

277 2604 303 2658 b.
322 2603 527 2671 conjunctivum
546 2600 808 2669 plusquamperfecti
858 2639 1224 2655 .........
1261 2640 1275 2668 „
1300 2603 1351 2654 105

282 2710 306 2746 c.
324 2692 527 2762 conjunctivum
545 2690 699 2758 imperfecti
725 2728 1223 2745 ............
1262 2727 1276 2755 „
1300 2690 1351 2741 106

279 2780 305 2836 d.
324 2780 503 2849 participium
523 2781 627 2846 passivi
684 2817 1225 2833 .............
1263 2816 1277 2845 „
1299 2777 1350 2828 106

283 2885 305 2924 e.
326 2869 503 2922 indicativum
523 2870 562 2922 vel
585 2869 787 2936 conjunctivum
806 2865 922 2934 perfecti
935 2906 1223 2927 ........
1262 2904 1276 2932 „
1300 2866 1352 2917 106

207 2959 240 3014 V.
260 2959 299 3011 De
318 2959 353 3011 iis
374 2959 531 3024 sententiis,
551 2959 803 3025 quaepassivo
830 2955 950 3010 verbo
977 2955 1138 3010 dicendi
1163 2955 1224 3008 vel

260 3029 470 3083 sentiendi
490 3030 675 3098 adjungantur
724 3065 1225 3083 ............
1263 3065 1276 3093 „
1300 3025 1349 3076 107

172 4267 327 4337 Gottingae,
340 4270 414 4337 typis
428 4269 565 4337 expressit
576 4268 685 4324 officina
696 4269 852 4326 academica
862 4271 1067 4327 Dicterichiana
1077 4270 1133 4340 (W.
1141 4269 1186 4324 Fr.
1196 4269 1354 4340 Kaestner).
