2924 4904
707 357 750 422 68
873 434 876 438 ,

138 525 334 592 constitue
365 526 447 594 nibil
476 547 543 594 esse
573 527 643 610 opis
674 529 712 594 in
740 528 798 596 luc
818 549 905 609 ooee,
935 529 1014 596 uois
1036 529 1207 596 Romanus
1223 547 1296 594 sun:

137 663 145 681 .
167 662 175 680 .
198 664 205 679 .
220 615 293 697 jorn
314 634 420 682 ornnes
435 617 623 697 provincius
647 668 653 684 .
680 666 687 681 .
712 665 719 681 .
741 617 859 683 nouus
881 617 1035 683 Romanis
1057 618 1123 683 iste
1138 617 1297 698 defensione

134 702 427 784 praecluseris.
478 702 567 769 Verr.
592 703 649 787 II,
678 706 738 787 65,
767 707 838 770 168.
881 702 943 770 De
965 705 1044 770 rnlloi
1066 705 1144 770 boc:
1168 706 1235 787 jann
1255 701 1299 768 till

136 790 308 856 menum
333 796 460 872 purtem
489 791 682 872 defensionis
707 792 964 872 precideris.
1008 792 1051 856 ib.
1075 792 1134 875 ΙΙ,
1162 795 1222 870 62,
1242 791 1300 854 151.

136 877 315 943 Imrnnto
332 878 512 958 paululum,
535 924 542 939 .
566 924 574 942 .
599 927 606 944 .
627 879 807 959 perierit
829 885 893 944 toto
913 899 973 944 res.
995 899 1040 944 or.
1065 882 1116 962 70,
1138 882 1213 943 232.
1241 877 1300 942 In·

133 964 248 1047 perti
269 964 365 1029 etiarn
381 964 500 1045 populo
515 966 686 1045 potestatis
708 965 831 1046 uliquiol
855 1015 862 1030 .
888 1015 895 1028 .
920 1015 927 1031 .
950 985 1015 1031 non
1041 965 1227 1031 satiaris
1246 983 1301 1029 eun

137 1051 289 1132 libertate,
312 1053 368 1116 sed
389 1052 624 1117 incenderis
646 1052 816 1132 eupiditate
838 1052 1000 1118 libertatis.
1037 1073 1106 1134 rep.
1132 1051 1182 1131 ΙΙ,
1193 1054 1252 1135 “28,
1264 1052 1302 1115 50.

138 1137 269 1204 Sextum
291 1138 342 1204 his
366 1138 605 1224 adiungendum
627 1144 704 1221 puto
727 1139 811 1204 hunc
825 1140 950 1206 locum:
975 1139 1061 1221 Quid
1069 1139 1154 1221 feeit
1166 1136 1302 1204 causan?

136 1226 218 1306 quod
254 1225 304 1290 rei
335 1225 483 1307 publicae
513 1245 610 1290 ronse
642 1225 701 1311 (sc.
737 1225 881 1309 Opimius
915 1226 1098 1293 Gracchum
1132 1221 1304 1309 interfecit).

137 1313 206 1377 Hoc
235 1313 352 1396 tolle,
382 1332 478 1378 causo
499 1332 581 1377 nou
602 1313 699 1378 erit.
737 1313 776 1377 cle
797 1333 842 1378 or.
866 1313 917 1394 ΙΙ,
940 1317 990 1398 30,
1013 1317 1090 1380 132.
1136 1312 1220 1380 Nam
1237 1313 1303 1378 haec

135 1400 235 1467 verba
278 1419 377 1466 causo
419 1420 485 1465 non
528 1400 588 1464 erit
631 1399 717 1466 idem
727 1398 736 1408 ”
761 1401 871 1466 valent
914 1401 999 1483 quod
1042 1419 1144 1465 ceusu
1193 1399 1304 1464 sublou

136 1488 198 1553 erit
220 1488 270 1553 vel
292 1506 419 1551 censoru
441 1486 610 1552 sustuleris
633 1487 687 1568 (cf.
712 1505 811 1568 supra
833 1493 914 1553 tusc.
938 1489 964 1567 I,
988 1492 1038 1570 13,
1063 1485 1130 1572 30).
1166 1484 1304 1552 Omnibus

137 1576 188 1641 bis
210 1574 291 1640 locis
314 1573 548 1639 conditionales
571 1574 754 1639 sententiae
778 1575 991 1640 continentur.
1025 1576 1134 1656 Atque
1158 1593 1229 1640 cum
1249 1590 1304 1638 on·

137 1681 211 1727 nem
234 1662 458 1743 imperativum
482 1660 524 1726 ad
547 1659 689 1726 futurum
712 1665 840 1742 tempus
863 1661 994 1742 aliquod
1015 1667 1167 1744 spectare
1183 1663 1305 1736 constet,

138 1750 194 1814 illa
216 1748 315 1815 verba
337 1748 488 1814 videntur
509 1748 591 1813 hanc
614 1749 679 1812 vim
700 1746 840 1813 habere:
867 1748 897 1811 si
920 1749 1001 1813 boue
1022 1749 1201 1829 opinionem
1221 1745 1305 1820 totle,

141 1836 257 1902 lnetunn
279 1835 446 1901 sustuleris
470 1840 503 1900 et
525 1834 675 1899 similiter
698 1839 817 1901 cetera.
850 1834 920 1913 Qua
942 1835 982 1902 de
1005 1855 1041 1900 re
1057 1835 1198 1901 conferri
1212 1836 1308 1917 potest

140 1924 192 1989 hic
215 1925 325 1989 locus:
349 1922 386 1989 Si
408 1922 465 1986 tibi
486 1941 585 1986 nnunn
606 1920 663 1986 loc
685 1921 852 1986 oletroli
868 1928 1010 2002 potest
1032 1971 1039 1986 .
1061 1970 1069 1987 .
1092 1971 1111 2001 .‚
1129 1921 1307 2003 pumultun

139 2011 228 2074 erit
262 2030 300 2074 en
321 2013 538 2073 moeroretuo
561 2009 821 2074 clernn'nutnrn.
840 2010 917 2090 forn.
948 2008 1057 2090 V,16,
1080 2012 1111 2074 5.
1157 2007 1307 2075 Namhot

138 2097 262 2162 detrahi
283 2101 386 2177 potest
407 2095 449 2161 ad
471 2094 614 2160 futurum
636 2100 764 2176 tempus
786 2095 935 2161 similiter
955 2095 1099 2162 refertur
1122 2102 1221 2179 atque
1239 2089 1307 2159 illul

138 2184 221 2251 tolle.
256 2183 365 2249 Etiam
388 2201 427 2247 ex
438 2181 532 2247 Bruti
547 2182 694 2264 epistola,
718 2200 800 2263 quae
824 2188 876 2247 est
897 2183 983 2248 inter
998 2182 1165 2249 Ciceronis
1188 2183 1230 2249 ad
1244 2181 1306 2247 lam.

138 2271 194 2349 XI,
228 2276 248 2335 4
279 2271 332 2335 hic
361 2271 451 2335 locus
479 2270 542 2335 huc
572 2270 715 2351 pertinet
743 2269 774 2351 (ἓ
799 2267 851 2352 2):
887 2268 979 2349 Quod
1006 2290 1078 2335 euru
1097 2271 1249 2351 facies,
1278 2282 1308 2330 en

138 2378 254 2440 rnopuu
282 2362 377 2438 purte
398 2357 553 2422 communi
575 2357 731 2421 eomnnoolo
764 2356 1039 2420 inservieris:
1073 2356 1130 2422 ubi
1152 2355 1309 2422 Ernestius

142 2444 278 2526 coniecit
308 2444 431 2525 tenuis.
484 2444 661 2508 Praeterea
693 2460 768 2508 raro
802 2440 817 2505 f
824 2448 988 2508 uturum
1021 2449 1217 2510 exactum
1250 2455 1309 2507 cum

140 2531 323 2613 simplici
356 2531 404 2596 ita
439 2530 650 2611 compositum
678 2529 839 2608 videmus,
872 2535 909 2594 ut
931 2529 1074 2596 futurum
1097 2536 1202 2597 exact.
1226 2529 1267 2596 sit
1283 2525 1310 2590 in

140 2619 334 2685 secundaria
357 2617 577 2684 enuntiatione
599 2616 823 2695 conditionali,
847 2615 984 2698 simplex
1005 2617 1039 2682 in
1060 2617 1229 2700 primaria,
1251 2631 1310 2683 sen-

140 2707 263 2772 tentiae
296 2724 373 2771 vero
406 2704 612 2770 nihilominus
644 2704 710 2768 sint
746 2702 985 2784 coincidentes;
1019 2722 1124 2786 neque
1153 2705 1228 2787 plus
1254 2708 1311 2769 tres
1344 2757 1349 2769 .

141 2793 229 2859 locos
251 2791 358 2858 inveni
380 2792 458 2857 hos:
482 2789 773 2856 Demonstroudurn
795 2795 842 2854 est
862 2809 924 2854 non
944 2792 1202 2872 essefprponleris
1224 2785 1312 2856 nonu

139 2900 201 2962 eos,
223 2882 279 2961 qui
296 2884 470 2960 putentur:
493 2878 528 2943 iel
547 2877 700 2958 facillime
721 2895 965 2957 consequor,
999 2879 1199 2944 siunioersi
1214 2870 1313 2959 populi

134 2966 291 3049 judiciuin
312 2986 417 3030 oernnn
439 2970 469 3030 ct
490 2966 710 3044 incorruptum
734 3012 740 3027 .
764 3010 772 3026 .
794 3010 802 3026 .
825 2982 1072 3044 expressero.
1094 2964 1175 3031 Sesl.
1188 2966 1239 3047 57,
1252 2962 1311 3030 119.

140 3052 232 3116 Niloil
264 3051 450 3133 errabis,
485 3051 522 3116 si
549 3050 662 3132 paullo
691 3049 875 3131 dilipentius
898 3097 905 3113 .
927 3099 934 3114 .
958 3098 982 3130 .,
1005 3050 1234 3117 Athenodorus
1257 3099 1264 3115 .
1284 3091 1313 3113 .·

140 3139 216 3222 quid
239 3140 277 3205 de
297 3137 348 3202 bis
370 3137 461 3203 rebus
482 3138 577 3216 client,
601 3136 851 3201 attenderis.
893 3137 972 3217 forn.
997 3137 1069 3222 ΙΙΙ,
1092 3142 1124 3217 7,
1147 3141 1179 3202 5.
1229 3136 1315 3203 Velius

140 3225 277 3307 efficias,
307 3231 343 3289 nt
371 3224 426 3288 ille
451 3245 562 3308 ponere
590 3242 731 3288 rneururn
760 3221 938 3287 litterarum
969 3223 1154 3289 incredibili
1176 3224 1316 3308 quidelm

137 3314 311 3394 perfeetum
340 3311 524 3376 arbitretur.
568 3309 611 3375 Id
635 3310 787 3390 socies,
821 3309 859 3373 si
888 3329 977 3374 ornne
995 3331 1099 3393 penus
1123 3306 1317 3378 liberalitatis

143 3449 150 3466 .
175 3449 182 3466 .
207 3450 213 3466 .
237 3398 556 3480 enpronepseris.
597 3398 675 3478 forn.
700 3395 806 3472 XIII,
829 3401 860 3475 6,
881 3399 911 3459 4.

228 3487 418 3569 Ubicunque
450 3491 558 3552 autem
593 3482 811 3549 coincidentes
844 3483 1026 3548 sententiae
1049 3485 1156 3551 altera
1179 3485 1196 3551 f
1203 3492 1318 3554 uturo

136 3573 348 3656 simplici,
384 3575 490 3640 altera
512 3571 585 3637 fut.
610 3574 757 3636 exacto
778 3569 1045 3651 pronuntiantur,
1079 3578 1220 3655 utroque
1240 3572 1320 3640 idem

142 3665 269 3742 tempus
302 3660 439 3726 indicari
472 3676 605 3725 necesse
640 3661 700 3722 est.
746 3656 852 3737 Atque
885 3656 983 3721 etiam
1011 3657 1046 3722 in
1073 3658 1115 3724 iis
1146 3660 1229 3726 locis
1258 3659 1320 3725 lere

143 3746 300 3830 omnibus,
323 3747 356 3811 in
379 3747 494 3828 quibus
518 3751 552 3811 et
573 3741 746 3826 primariae
770 3748 804 3808 et
826 3742 1038 3809 secundariae
1062 3764 1111 3810 en.
1127 3745 1253 3812 habent
1268 3746 1320 3812 fut.

143 3839 300 3911 exactum,
324 3835 426 3917 (velut
444 3832 579 3916 perbelle
597 3831 728 3913 fereris,
761 3829 792 3892 si
813 3831 856 3894 ael
876 3849 935 3893 nos
954 3831 1080 3896 ueneris
1103 3833 1144 3899 ci.
1170 3856 1202 3917 p.
1228 3838 1279 3899 66.
1292 3829 1321 3912 8)

140 3919 242 3985 futuri
276 3922 381 3986 exacti
413 3923 476 3988 vim
510 3916 598 3984 haud
625 3918 674 3982 ita
701 3915 798 3998 longe
829 3915 959 3982 differre
991 3936 1011 3982 a
1044 3918 1204 4001 simplicis
1226 3916 1322 3987 futuri

142 4005 271 4071 notione
294 4015 440 4089 apparet.
480 4006 608 4084 Quare
631 4001 770 4068 conferri
791 4001 868 4068 licet
889 4001 1034 4069 futurum
1056 4013 1219 4087 exactum,
1243 4001 1322 4089 quod

142 4093 255 4158 estin
283 4094 363 4160 locis
391 4096 486 4177 hujus
508 4089 614 4157 modi:
647 4092 721 4168 post
741 4087 864 4167 biduo,
894 4088 979 4154 ulios
1000 4091 1108 4157 omero
1130 4093 1216 4160 aliis.
1263 4089 1320 4159 Sed

142 4178 226 4258 quod
262 4180 323 4244 uiri
353 4177 558 4266 grammatici
589 4174 688 4240 etiam
716 4173 800 4239 hunc
830 4193 922 4240 usum
952 4194 991 4241 ex
1021 4195 1060 4243 ea
1092 4178 1197 4248 futuri
1222 4175 1321 4248 exacti

141 4264 271 4331 notione
303 4265 462 4335 deducere
494 4267 667 4344 conantur,
702 4277 766 4343 qua
787 4261 966 4344 perfectam
988 4263 1023 4329 in
1045 4263 1157 4334 futuro
1180 4272 1322 4351 tempore
