2924 4912
716 372 754 434 51

149 564 217 608 sam
239 544 388 608 interitus
410 543 631 624 quaerendam,
656 561 719 604 riou
742 542 906 606 iiileritum
922 545 1097 623 putauit.
1123 545 1198 609 Mil.
1224 549 1252 624 6,
1275 547 1326 610 15.

152 631 211 711 Qui
227 652 356 712 paeana
376 635 587 710 praetereunt,
610 649 674 693 non
697 628 846 692 rident
867 630 1087 695 mollissimum
1109 652 1206 697 asese
1222 651 1330 697 nume·

149 739 219 781 rum
240 717 410 799 praeteriri
433 764 440 778 .
468 765 474 778 .
501 768 507 781 .
532 736 576 779 or.
596 719 731 798 57,192.
777 714 839 794 Qui
861 737 932 781 nero
954 719 1107 782 mundum
1128 721 1234 800 ipsum
1257 719 1329 783 ani-

149 810 282 869 mantem
312 804 544 886 sapientemque
580 823 646 866 esse
683 803 850 881 dicerunt,
888 805 976 869 nullo
1008 806 1098 870 modo
1129 807 1331 871 uiderunt

151 893 251 956 animi
279 898 399 956 natura
429 889 640 971 intellepentis
668 891 705 953 in
735 909 828 970 qnam
849 891 986 973 dquram
1011 893 1120 957 cadere
1135 899 1251 975 posset.
1286 893 1331 957 de.

149 985 214 1044 nat.
239 979 268 1060 I,
292 983 340 1058 10,
362 981 416 1043 23.
478 975 556 1042 (lum
586 981 716 1041 senatus
749 977 903 1057 decernit,
936 984 970 1042 ut
1000 985 1122 1043 ematur
1151 981 1186 1044 in
1218 980 1332 1046 Sicilia

147 1069 340 1148 frumentum
361 1071 417 1130 aut
440 1083 510 1142 cum
528 1063 665 1144 papulus
679 1063 785 1145 jubet,
807 1063 880 1147 boc,
902 1072 938 1129 ut
959 1068 1087 1150 opinor,
1110 1067 1331 1149 intellepit,
1398 1090 1400 1094 ’

150 1174 186 1217 ea
216 1153 329 1220 Sicilia
359 1151 501 1219 Siculum
530 1153 726 1230 frumentum
754 1153 923 1231 apportari
957 1161 1105 1233 oportere.
1145 1155 1234 1219 Verr.
1258 1152 1331 1238 ΙΙΙ,

150 1243 199 1324 74,
223 1243 296 1304 172.
342 1240 451 1306 Jouem
475 1258 544 1302 cnm
568 1237 726 1318 Optimam
754 1244 782 1300 el
806 1237 987 1303 Maximum
1008 1241 1141 1306 dicimus
1164 1292 1170 1306 .
1196 1289 1203 1302 .
1229 1290 1254 1322 .,
1276 1241 1332 1305 boc

149 1326 330 1409 iutelleqi
352 1325 540 1390 uolumus
564 1376 570 1389 .
596 1375 634 1389 ..
665 1325 723 1406 pin,
746 1323 817 1403 III,
842 1329 892 1404 26,
915 1330 964 1391 66.
1010 1327 1146 1409 Neque
1174 1348 1246 1391 nero
1277 1327 1331 1392 boc

148 1415 261 1498 fuqit
289 1412 560 1494 sapientissimam
590 1432 691 1494 reqem
722 1412 907 1492 Philippum
938 1412 970 1497 (i.
997 1434 1023 1478 e.
1056 1414 1137 1480 bene
1169 1414 1331 1479 intellexit

151 1502 208 1566 hoc
238 1501 320 1565 Phil.
353 1520 396 1565 sc.
428 1498 639 1564 Aristotelem
673 1518 779 1563 rerum
822 1501 1038 1583 cognitionem
1069 1521 1140 1567 cum
1174 1501 1330 1568 orationis

152 1589 380 1654 exercitatione
411 1586 643 1668 conjunxisse),
676 1587 729 1666 qui
757 1586 839 1649 bunc
869 1588 1054 1653 Aleuandro
1081 1590 1149 1670 filio
1180 1589 1332 1653 doctorem

151 1677 286 1740 accierit.
324 1676 362 1740 de
383 1695 427 1739 or.
450 1672 521 1752 ΙΙΙ,
542 1676 595 1752 35,
619 1677 690 1737 141.
738 1672 879 1736 Mrdtum
901 1676 936 1737 in
958 1681 1121 1756 posterum
1135 1676 1331 1757 prouide-

150 1768 262 1841 runt,
295 1761 376 1842 quod
397 1761 503 1825 nervis
526 1760 667 1823 omnibus
689 1760 765 1823 urbe
789 1761 919 1825 exsectis
941 1763 1046 1826 urbem
1068 1763 1173 1843 ipsam
1194 1762 1332 1826 solutam

152 1870 185 1914 ac
207 1849 404 1914 debilitatam
425 1848 626 1928 reliquerunt.
659 1846 715 1929 leq.
741 1867 808 1929 aqr.
832 1845 882 1926 II,
906 1852 958 1923 33,
981 1852 1030 1912 91.
1054 1850 1104 1931 off.
1129 1848 1201 1932 ΙΙΙ,
1226 1851 1255 1927 5,
1276 1852 1330 1914 26.

154 1935 219 2000 Cat.
243 1934 316 2018 ΙΙΙ,
338 1939 369 2013 2,
390 1939 420 1999 3.
466 1936 528 1999 diu.
552 1933 604 2015 H,
626 1938 675 2010 10,
697 1937 750 1998 25.
795 1934 833 1996 63
856 1954 899 1998 or.
924 1934 975 2016 II,
999 1940 1053 2012 82,
1078 1941 1128 2000 33.
1174 1938 1253 2001 dom,
1276 1939 1331 2020 26,

152 2027 201 2088 68.
225 2026 274 2086 69.
311 2042 356 2086 or.
379 2024 430 2103 64,
452 2024 526 2095 218.
559 2019 681 2104 Acci,
705 2026 755 2102 16,
778 2027 809 2086 2.
844 2023 903 2103 fat.
929 2025 958 2104 5,
980 2026 1009 2087 9.
1033 2027 1084 2106 18,
1106 2027 1157 2086 41.
1192 2024 1238 2090 de.
1261 2029 1330 2088 nat.

153 2109 200 2192 il,
223 2114 284 2189 33,
307 2111 360 2174 00.
398 2108 467 2172 Pis.
490 2112 550 2188 30,
574 2110 624 2172 ra.
669 2111 761 2172 accc.
784 2114 843 2185 30,
866 2114 916 2173 er.
957 2108 1046 2174 reri.
1068 2117 1128 2175 ccc.
1153 2110 1182 2188 Ι,
1203 2113 1254 2187 15,
1277 2113 1330 2174 44.

152 2196 218 2262 Pis.
241 2201 296 2274 24,
319 2198 370 2262 56.
394 2195 467 2278 Lep.
493 2195 687 2286 IIAEMI·
711 2216 755 2345 eqfi.
779 2197 821 2261 ad
842 2196 938 2260 Brut.
963 2196 993 2280 Ι,
1016 2199 1066 2280 15,
1089 2201 1118 2261 8.
1142 2197 1223 2263 Sall.
1246 2200 1278 2280 2,
1300 2199 1331 2262 4.

238 2370 395 2448 Quoniam
415 2369 447 2433 in
472 2366 618 2434 omnibus
641 2370 811 2434 sententiis
839 2369 1094 2436 coincidentibus
1117 2370 1252 2435 eandem
1275 2389 1330 2436 va·

152 2457 217 2524 lere
247 2457 475 2539 primariarum
507 2461 540 2521 et
572 2456 836 2522 secundariorum
878 2457 1133 2523 enuntiationum
1171 2459 1331 2523 rationem

154 2545 391 2610 demonstrasse
430 2541 523 2607 nobis
560 2542 705 2607 videmur
733 2580 777 2588 —
819 2544 1019 2610 secundariis
1056 2544 1331 2610 enuntiationibus

153 2630 256 2710 lacta,
290 2630 452 2712 primariis
485 2629 607 2710 judicia
644 2630 802 2711 quaedam
838 2631 988 2712 exprimi,
1023 2632 1091 2696 sive
1121 2631 1331 2697 secundarios

155 2719 390 2785 enuntiationes
422 2715 641 2798 subjectorum
673 2717 906 2798 quodammodo
936 2720 1001 2783 vim
1024 2718 1188 2783 continere
1210 2719 1329 2799 prima-

154 2807 216 2872 rias
239 2805 501 2887 praedicatorum
524 2841 565 2849 -
590 2804 633 2866 de
658 2804 925 2871 coordinatis
949 2806 1184 2870 sententiis
1207 2804 1329 2886 aliquid

154 2895 279 2960 videtur
302 2890 493 2957 addendum.
540 2890 649 2955 Etiam
673 2892 880 2957 coordinatus
897 2893 1078 2957 sententiae
1095 2892 1329 2957 coincidentiae

153 2982 278 3047 ratione
307 2980 354 3044 sic
383 2979 636 3060 conjunguntur,
669 2983 705 3042 ut
736 2980 841 3043 altera
872 2979 1011 3061 factum,
1042 2979 1146 3044 altera
1174 2979 1330 3061 judicium

154 3067 326 3146 contineat,
350 3085 388 3130 ae
411 3065 439 3130 si
463 3064 592 3129 easdem
614 3066 794 3129 sententias
814 3065 1070 3147 subordinamus,
1095 3085 1239 3148 eaquae
1262 3066 1329 3130 fac-

151 3158 216 3222 tum
240 3153 372 3236 indicet,
396 3152 596 3229 secundaria,
621 3171 659 3214 ea
683 3157 802 3234 autem,
826 3172 889 3234 qua
908 3153 1087 3235 Judicetur,
1117 3154 1272 3234 primaria
1294 3150 1331 3217 fit

150 3241 342 3308 enuntiatio.
389 3238 479 3316 Quae
502 3239 734 3303 sententiarum
758 3240 843 3303 ratio
867 3239 1027 3304 interdum
1052 3241 1172 3306 certior
1193 3239 1231 3304 fit
1257 3259 1329 3304 oon-

143 3326 379 3406 junctionibus,
402 3327 490 3390 velut
512 3347 597 3407 naui,
620 3326 711 3402 enim,
734 3330 846 3402 tamen,
870 3328 960 3391 aliis:
994 3326 1135 3391 Mntasti
1156 3327 1333 3406 pactionem

143 3425 173 3482 et
198 3414 347 3482 Ciliciam
371 3415 414 3476 ad
434 3418 613 3494 praetorem
635 3413 709 3475 item
732 3418 823 3476 cntra
848 3415 989 3478 ordinem
1009 3413 1217 3477 transtulisti.
1254 3412 1332 3477 dom.

141 3505 172 3581 9,
185 3507 236 3569 23
259 3500 293 3584 (i.
317 3519 344 3566 e.
367 3501 501 3565 mutasti
523 3500 715 3581 pactionem,
740 3501 792 3580 qui
817 3501 1038 3581 transtulisti).
1083 3498 1140 3564 Da
1161 3500 1239 3563 mili
1260 3499 1333 3564 boc:

130 3587 214 3662 jam
238 3588 296 3652 tibi
318 3588 489 3651 manimam
508 3592 630 3666 partem
662 3587 853 3667 defensimis
871 3588 1075 3667 praecideris.
1106 3586 1192 3653 Verr.
1215 3586 1267 3669 ΙΙ,
1280 3589 1332 3667 62,

139 3681 211 3743 151
245 3676 281 3758 (ἰ.
306 3693 333 3740 e.
365 3674 427 3739 hoc
461 3673 489 3738 si
519 3674 597 3738 mihi
631 3673 775 3752 dederis,
808 3672 1031 3758 praecideris).
1086 3674 1156 3739 Hoc
1187 3676 1248 3738 loco
1279 3692 1332 3755 eqo

136 3762 272 3845 sumpse·
299 3761 451 3844 quiddam
480 3761 518 3823 de
547 3766 601 3824 lua
631 3761 815 3841 eloquentia.
862 3762 961 3825 Nam
992 3761 1086 3826 tacui.
1129 3761 1199 3825 Att.
1226 3757 1334 3842 XIII,

138 3853 203 3927 42,
229 3855 249 3915 1
273 3847 307 3933 (i.
332 3867 359 3914 e.
384 3866 456 3913 cum
478 3846 598 3929 tacui);
623 3847 681 3929 (cf.
706 3848 748 3910 ad
771 3847 848 3912 Her.
874 3848 922 3926 ΙΙ,
946 3852 1079 3932 16,14.·
1101 3846 1153 3911 Ab
1175 3846 1334 3912 sententia

141 3939 196 4002 stc
219 3936 377 4001 dicemus:
394 3936 538 4016 primum
561 3934 763 3997 laudabimus
787 3985 794 3998 .
820 3986 826 3998 .
851 3986 857 3998 .
882 3957 906 4000 e.
929 3957 957 4016 q.
981 3955 1006 3998 s.
1029 3941 1059 3998 et
1080 3935 1121 3998 ib.
1147 3933 1197 4018 II,
1220 3938 1250 4009 7,
1274 3937 1333 3998 10.-

144 4023 184 4087 Α
206 4021 442 4106 quaestionibus
464 4021 617 4095 dicemus,
646 4041 728 4085 cum
751 4022 1063 4104 demonstrabimus).
1109 4021 1212 4103 Saepe
1236 4021 1335 4086 etiam

147 4108 394 4188 pronominibus
423 4108 568 4174 relativis
599 4127 660 4172 non
693 4107 947 4175 subordinantur
969 4108 1167 4189 sententiae,
1199 4108 1256 4172 sed
1281 4126 1334 4172 co·

154 4197 302 4264 ordinate
326 4196 555 4281 adjunguntur,
578 4194 612 4259 id
636 4195 720 4276 quod
744 4197 825 4261 satis
848 4202 957 4262 notum
972 4201 1032 4261 est.
1078 4193 1210 4260 Talibus
1232 4195 1335 4279 igitur

157 4279 193 4347 in
212 4284 291 4352 locis
313 4302 377 4351 non
408 4282 619 4350 secundariae
651 4283 890 4349 enuntiationes
920 4281 1160 4365 pronominibus
1190 4282 1337 4348 relativis

1044 4388 1090 4453 4*
